%  _     _ _     _ _                             _           }. 
% | |__ (_) |__ | (_) ___   __ _ _ __ __ _ _ __ | |__  _   _ 
% | '_ \| | '_ \| | |/ _ \ / _` | '__/ _` | '_ \| '_ \| | | |
% | |_) | | |_) | | | (_) | (_| | | | (_| | |_) | | | | |_| |
% |_.__/|_|_.__/|_|_|\___/ \__, |_|  \__,_| .__/|_| |_|\__, |
%                          |___/          |_|          |___/ 

@article{Araujo:2021ghu,
    author = "Araujo, Thiago",
    title = "{Comments on Slavnov products, Temperley-Lieb open spin chains, and KP tau functions}",
    eprint = "2107.13060",
    archivePrefix = "arXiv",
    primaryClass = "math-ph",
    doi = "10.1016/j.nuclphysb.2021.115566",
    journal = "Nucl. Phys. B",
    volume = "972",
    pages = "115566",
    year = "2021"
}

@article{Araujo:2024piv,
    author = "Araujo, Thiago",
    title = "{PySymmPol: Symmetric Polynomials in Python}",
    eprint = "2403.13580",
    archivePrefix = "arXiv",
    url = {https://github.com/thraraujo/pysymmpol},
    primaryClass = "math.CO",
    month = "3",
    year = "2024"
}

@article{Talalaev:2011,
    author = "Dmitry Talalaev",
    title = "Quantum Spectral Curve Method",
    year = "2011"
}

@article{Reffert:2014,
    author = "Susanne Reffert",
    title = "Introduction to Integrable Models",
    year = "2014"
}

@inproceedings{Faddeev:1996iy,
    author = "Faddeev, L. D.",
    title = "{How algebraic Bethe ansatz works for integrable model}",
    booktitle = "{Les Houches School of Physics: Astrophysical Sources of Gravitational Radiation}",
    eprint = "hep-th/9605187",
    archivePrefix = "arXiv",
    pages = "pp. 149--219",
    month = "5",
    year = "1996"
}

@article{Kulish:1983,
  title={Diagonalisation of GL(N) invariant transfer matrices and quantum N-wave system (Lee model)},
  author={Petr P. Kulish and Nikolai Reshetikhin},
  journal={Journal of Physics A},
  year={1983},
  volume={16}
}

@book{Chari:1994pz,
  title={A Guide to Quantum Groups},
  author={Chari, V. and Pressley, A.N.},
  isbn={9780521558846},
  lccn={94241658},
  url={https://books.google.com.br/books?id=bn5GNkLfnsAC},
  year={1995},
  publisher={Cambridge University Press}
}

@book{Chaichian:1996int,
  title={Introduction to Quantum Groups},
  author={Chaichian, M. and Demichev, A.P.},
  isbn={9789810226237},
  lccn={96025942},
  url={https://books.google.com.br/books?id=qxq-klYmFZMC},
  year={1996},
  publisher={World Scientific}
}

@book{Babelon2003,
	title={Introduction to Classical Integrable Systems},
  author={Babelon, O. and Bernard, D. and Talon, M. and Cambridge University
  Press and Landshoff, P.V. and Nelson, D.R. and Sciama, D.W. and Weinberg,
  S.},
	isbn={9780521822671},
	lccn={2002034955},
	series={Cambridge Monographs on Mathematical Physics},
	url={https://books.google.ch/books?id=Hboa9NvpvdAC},
	year={2003},
	publisher={Cambridge University Press}
}

@article{Torrielli:2016ufi,
    author = "Torrielli, Alessandro",
    title = "{Lectures on Classical Integrability}",
    eprint = "1606.02946",
    archivePrefix = "arXiv",
    primaryClass = "hep-th",
    reportNumber = "DMUS-MP-16-04",
    doi = "10.1088/1751-8113/49/32/323001",
    journal = "J. Phys. A",
    volume = "49",
    number = "32",
    pages = "323001",
    year = "2016"
}

@article{Beisert:2010jr,
    author = "Beisert, Niklas and others",
    title = "{Review of AdS/CFT Integrability: An Overview}",
    eprint = "1012.3982",
    archivePrefix = "arXiv",
    primaryClass = "hep-th",
    reportNumber = "AEI-2010-175, CERN-PH-TH-2010-306, HU-EP-10-87, HU-MATH-2010-22, KCL-MTH-10-10, UMTG-270, UUITP-41-10",
    doi = "10.1007/s11005-011-0529-2",
    journal = "Lett. Math. Phys.",
    volume = "99",
    pages = "3--32",
    year = "2012"
}

@article{Bargheer:2009xy,
    author = "Bargheer, Till and Beisert, Niklas and Loebbert, Florian",
    title = "{Long-Range Deformations for Integrable Spin Chains}",
    eprint = "0902.0956",
    archivePrefix = "arXiv",
    primaryClass = "hep-th",
    reportNumber = "AEI-2009-009",
    doi = "10.1088/1751-8113/42/28/285205",
    journal = "J. Phys. A",
    volume = "42",
    pages = "285205",
    year = "2009"
}

@article{Beisert:2013voa,
    author = "Beisert, Niklas and Fi\'evet, Lucas and de Leeuw, Marius and Loebbert, Florian",
    title = "{Integrable Deformations of the XXZ Spin Chain}",
    eprint = "1308.1584",
    archivePrefix = "arXiv",
    primaryClass = "math-ph",
    doi = "10.1088/1742-5468/2013/09/P09028",
    journal = "J. Stat. Mech.",
    volume = "1309",
    pages = "P09028",
    year = "2013"
}

@article{Pozsgay:2019xak,
    author = "Pozsgay, Bal\'azs",
    title = "{Current operators in integrable spin chains: lessons from long range deformations}",
    eprint = "1910.12833",
    archivePrefix = "arXiv",
    primaryClass = "cond-mat.stat-mech",
    doi = "10.21468/SciPostPhys.8.2.016",
    journal = "SciPost Phys.",
    volume = "8",
    pages = "016",
    year = "2020"
}

@article{Pozsgay:2019ekd,
    author = "Pozsgay, Bal\'azs and Jiang, Yunfeng and Tak\'acs, G\'abor",
    title = "{$T\bar T$-deformation and long range spin chains}",
    eprint = "1911.11118",
    archivePrefix = "arXiv",
    primaryClass = "hep-th",
    reportNumber = "CERN-TH-2019-200",
    doi = "10.1007/JHEP03(2020)092",
    journal = "JHEP",
    volume = "03",
    pages = "092",
    year = "2020"
}

@article{Jiang:2020nnb,
    author = "Jiang, Yunfeng",
    title = "{$\mathrm{T}\overline{\mathrm{T}}$-deformed 1d Bose gas}",
    eprint = "2011.00637",
    archivePrefix = "arXiv",
    primaryClass = "hep-th",
    reportNumber = "CERN-TH-2020-183",
    doi = "10.21468/SciPostPhys.12.6.191",
    journal = "SciPost Phys.",
    volume = "12",
    number = "6",
    pages = "191",
    year = "2022"
}

@article{Marchetto:2019yyt,
    author = "Marchetto, Enrico and Sfondrini, Alessandro and Yang, Zhou",
    title = "{$T\bar{T}$ Deformations and Integrable Spin Chains}",
    eprint = "1911.12315",
    archivePrefix = "arXiv",
    primaryClass = "hep-th",
    doi = "10.1103/PhysRevLett.124.100601",
    journal = "Phys. Rev. Lett.",
    volume = "124",
    number = "10",
    pages = "100601",
    year = "2020"
}

@inproceedings{Nekrasov:2009rc,
	archiveprefix = {arXiv},
	author = {Nekrasov, Nikita A. and Shatashvili, Samson L.},
	booktitle = {{Proceedings, 16th International Congress on Mathematical Physics (ICMP09): Prague, Czech Republic, August 3-8, 2009}},
	eprint = {0908.4052},
	pages = {265-289},
	primaryclass = {hep-th},
	reportnumber = {TCD-MATH-09-19, HMI-09-09, IHES-P-09-38},
	slaccitation = {%%CITATION = ARXIV:0908.4052;%%},
	title = {{Quantization of Integrable Systems and Four Dimensional Gauge Theories}},
	url = {https://inspirehep.net/record/829640/files/arXiv:0908.4052.pdf},
	year = {2009},
}

@article{Nekrasov:2009ui,
    author = "Nekrasov, Nikita A. and Shatashvili, Samson L.",
    editor = "Takayanagi, Tadashi and Yahikozawa, Shigeaki",
    title = "{Quantum integrability and supersymmetric vacua}",
    eprint = "0901.4748",
    archivePrefix = "arXiv",
    primaryClass = "hep-th",
    reportNumber = "IHES-P-08-59, TCD-MATH-09-05, HMI-09-02, NSF-KITP-09-12",
    doi = "10.1143/PTPS.177.105",
    journal = "Prog. Theor. Phys. Suppl.",
    volume = "177",
    pages = "105--119",
    year = "2009"
}

@article{Lamers:2012,
	author = {Lamers, Jules},
	title = {{The Bethe Gauge Correspondence}},
	year = {2012}
}

@article{Lamers:2015dfa,
	archiveprefix = {arXiv},
	author = {Lamers, Jules},
	doi = {10.22323/1.232.0001},
	eprint = {1501.06805},
	journal = {PoS},
	pages = {001},
	primaryclass = {math-ph},
	title = {{A pedagogical introduction to quantum integrability, with a view towards theoretical high-energy physics}},
	volume = {Modave2014},
	year = {2015},
}

@article{Eynard:2015aea,
    author = "Eynard, Bertrand and Kimura, Taro and Ribault, Sylvain",
    title = "{Random matrices}",
    eprint = "1510.04430",
    archivePrefix = "arXiv",
    primaryClass = "math-ph",
    month = "10",
    year = "2015"
}

@article{Babelon2007,
   title={On the Bethe ansatz for the Jaynes–Cummings–Gaudin model},
   volume={2007},
   ISSN={1742-5468},
   url={http://dx.doi.org/10.1088/1742-5468/2007/06/P06013},
   DOI={10.1088/1742-5468/2007/06/p06013},
   number={06},
   journal={Journal of Statistical Mechanics: Theory and Experiment},
   publisher={IOP Publishing},
   author={Babelon, O and Talalaev, D},
   year={2007},
   month={07},
   pages={P06013–P06013}
}

@book{Gaudin1983,
  title={La fonction d'onde de Bethe},
  author={Gaudin, M.},
  isbn={9782225796074},
  lccn={83161660},
  series={Collection CEA : S{\'e}rie scientifique},
  url={https://books.google.fr/books?id=yLLvAAAAMAAJ},
  year={1983},
  publisher={Masson}
}

@article{Yuzbashyan2005,
   title={Integrable dynamics of coupled Fermi-Bose condensates},
   volume={72},
   ISSN={1550-235X},
   url={http://dx.doi.org/10.1103/PhysRevB.72.144524},
   DOI={10.1103/physrevb.72.144524},
   number={14},
   journal={Physical Review B},
   publisher={American Physical Society (APS)},
   author={Yuzbashyan, Emil A. and Kuznetsov, Vadim B. and Altshuler, Boris L.},
   year={2005},
   month={10}
}

@misc{Hall1999,
    title={Holomorphic Methods in Mathematical Physics},
    author={Brian C. Hall},
    year={1999},
    eprint={quant-ph/9912054},
    archivePrefix={arXiv},
    primaryClass={quant-ph}
}

@article{Foda:2009zz,
	archiveprefix = {arXiv},
	author = {Foda, O. and Wheeler, M. and Zuparic, M.},
	doi = {10.1016/j.nuclphysb.2009.04.019},
	eprint = {0903.2611},
	journal = {Nucl. Phys. B},
	pages = {649--663},
	primaryclass = {math-ph},
	title = {{XXZ scalar products and KP}},
	volume = {820},
	year = {2009},
}

@article{Slavnov1989,
	author = {Slavnov, Nikita Andreevich},
	journal = {Teoreticheskaya i Matematicheskaya Fizika},
	number = {2},
	pages = {232--240},
	publisher = {Russian Academy of Sciences, Steklov Mathematical Institute of Russian~{\ldots}},
	title = {Calculation of scalar products of wave functions and form factors in the framework of the algebraic Bethe ansatz},
	volume = {79},
	year = {1989}
}

@article{Morozov:1994hh,
    author = "Morozov, A.",
    title = "{Integrability and matrix models}",
    eprint = "hep-th/9303139",
    archivePrefix = "arXiv",
    doi = "10.1070/PU1994v037n01ABEH000001",
    journal = "Phys. Usp.",
    volume = "37",
    pages = "1--55",
    year = "1994"
}

@article{ZinnJustin:2002cr,
	archiveprefix = {arXiv},
	author = {Zinn-Justin, Paul},
	doi = {10.1016/S0550-3213(02)00374-7},
	eprint = {math-ph/0202045},
	journal = {Nucl. Phys. B},
	pages = {417--432},
	title = {{HCIZ integral and 2-D Toda lattice hierarchy}},
	volume = {634},
	year = {2002},
}

@article{ZinnJustin:2002pk,
	archiveprefix = {arXiv},
	author = {Zinn-Justin, Paul and Zuber, J. B.},
	doi = {10.1088/0305-4470/36/12/318},
	eprint = {math-ph/0209019},
	journal = {J. Phys. A},
	pages = {3173--3194},
	title = {{On some integrals over the U(N) unitary group and their large N limit}},
	volume = {36},
	year = {2003},
}

@unpublished{Zinnjustin2009,
	archiveprefix = {arXiv},
	author = {P. Zinn-Justin},
	eprint = {0901.0665},
	primaryclass = {math-ph},
	title = {Six-Vertex, Loop and Tiling models: Integrability and Combinatorics},
	year = {2009}
}

@unpublished{Beisert2013, 
	author = {Niklas Beisert2013},
	title = {Integrability in QFT and AdS/CFT},
	year = {2013}
}

@article{Prochazka:2015deb,
	archiveprefix = {arXiv},
	author = {Prochazka, Tomas},
	doi = {10.1007/JHEP10(2016)077},
	eprint = {1512.07178},
	journal = {JHEP},
	pages = {077},
	primaryclass = {hep-th},
	slaccitation = {%%CITATION = ARXIV:1512.07178;%%},
	title = {{$ \mathcal{W} $ -symmetry, topological vertex and affine Yangian}},
	volume = {10},
	year = {2016},
	Bdsk-Url-1 = {https://doi.org/10.1007/JHEP10(2016)077}
}

@article{Alexandrov:2014cwa,
	archiveprefix = {arXiv},
	author = {Alexandrov, A.},
	doi = {10.1007/s00220-015-2379-8},
	eprint = {1404.3402},
	journal = {Commun. Math. Phys.},
	number = {1},
	pages = {195-249},
	primaryclass = {hep-th},
	reportnumber = {ITEP-TH-03-14},
	slaccitation = {%%CITATION = ARXIV:1404.3402;%%},
	title = {{Enumerative Geometry, Tau-Functions and Heisenberg--Virasoro Algebra}},
	volume = {338},
	year = {2015},
	Bdsk-Url-1 = {https://doi.org/10.1007/s00220-015-2379-8}
}

@article{Okounkov:2003sp,
	archiveprefix = {arXiv},
	author = {Okounkov, Andrei and Reshetikhin, Nikolai and Vafa, Cumrun},
	doi = {10.1007/0-8176-4467-9_16},
	eprint = {hep-th/0309208},
	journal = {Prog. Math.},
	pages = {597},
	primaryclass = {hep-th},
	reportnumber = {HUTP-03-A061},
	slaccitation = {%%CITATION = HEP-TH/0309208;%%},
	title = {{Quantum Calabi-Yau and classical crystals}},
	volume = {244},
	year = {2006},
	Bdsk-Url-1 = {https://doi.org/10.1007/0-8176-4467-9_16}
}

@article{Alexandrov:2012tr,
	archiveprefix = {arXiv},
	author = {Alexandrov, Alexander and Zabrodin, Anton},
	doi = {10.1016/j.geomphys.2013.01.007},
	eprint = {1212.6049},
	journal = {J. Geom. Phys.},
	pages = {37-80},
	primaryclass = {math-ph},
	reportnumber = {ITEP-TH-60-12},
	slaccitation = {%%CITATION = ARXIV:1212.6049;%%},
	title = {{Free fermions and tau-functions}},
	volume = {67},
	year = {2013},
	Bdsk-Url-1 = {https://doi.org/10.1016/j.geomphys.2013.01.007}
}

@article{Alexandrov:2011aa,
	archiveprefix = {arXiv},
	author = {Alexandrov, Alexander and Kazakov, Vladimir and Leurent, Sebastien and Tsuboi, Zengo and Zabrodin, Anton},
	doi = {10.1007/JHEP09(2013)064},
	eprint = {1112.3310},
	journal = {JHEP},
	pages = {064},
	primaryclass = {math-ph},
	reportnumber = {HU-MATHEMATIK-2011-25, HU-EP-11-59, ITEP-TH-49-11, LPT-ENS-12-17},
	slaccitation = {%%CITATION = ARXIV:1112.3310;%%},
	title = {{Classical tau-function for quantum spin chains}},
	volume = {09},
	year = {2013},
	Bdsk-Url-1 = {https://doi.org/10.1007/JHEP09(2013)064}
}

@article{Zabrodin2018,
	adsnote = {Provided by the SAO/NASA Astrophysics Data System},
	adsurl = {https://ui.adsabs.harvard.edu/abs/2018arXiv181211830Z},
	archiveprefix = {arXiv},
	author = {{Zabrodin}, A.},
	eid = {arXiv:1812.11830},
	eprint = {1812.11830},
	journal = {arXiv e-prints},
	keywords = {Mathematical Physics, Nonlinear Sciences - Exactly Solvable and Integrable Systems},
	month = {12},
	pages = {arXiv:1812.11830},
	primaryclass = {math-ph},
	title = {{Lectures on nonlinear integrable equations and their solutions}},
	year = {2018}
}

@inproceedings{Vladimirov:2004cc,
	archiveprefix = {arXiv},
	author = {Vladimirov, A. A.},
	booktitle = {{2nd Dubna International Advanced School of Theoretical Physics (In Russian) Dubna, Russia, January 30-February 7, 2004}},
	eprint = {hep-th/0402097},
	primaryclass = {hep-th},
	slaccitation = {%%CITATION = HEP-TH/0402097;%%},
	title = {{Lectures on integrable hierarchies and vertex operators}},
	year = {2004}
}

@article{Dijkgraaf:2008ua,
	author = "Dijkgraaf, Robbert and Orlando, Domenico and Reffert, Susanne",
	title = "{Quantum Crystals and Spin Chains}",
	eprint = "0803.1927",
	archivePrefix = "arXiv",
	primaryClass = "cond-mat.stat-mech",
	doi = "10.1016/j.nuclphysb.2008.11.027",
	journal = "Nucl. Phys. B",
	volume = "811",
	pages = "463--490",
	year = "2009"
}

@article{Awata:1996xt,
	archiveprefix = {arXiv},
	author = {Awata, Hidetoshi and Kubo, Harunobu and Morita, Yoshifumi and Odake, Satoru and Shiraishi, Junichi},
	doi = {10.1023/A:1007321109584},
	eprint = {q-alg/9604023},
	journal = {Lett. Math. Phys.},
	pages = {65-78},
	primaryclass = {q-alg},
	reportnumber = {DPSU-96-7, UT-750, EFI-96-14},
	slaccitation = {%%CITATION = Q-ALG/9604023;%%},
	title = {{Vertex operators of the q Virasoro algebra: Defining relations, adjoint actions and four point functions}},
	volume = {41},
	year = {1997},
	Bdsk-Url-1 = {https://doi.org/10.1023/A:1007321109584}
}

@article{Kac:1993zg,
	archiveprefix = {arXiv},
	author = {Kac, Victor and Radul, Andrey},
	doi = {10.1007/BF02096878},
	eprint = {hep-th/9308153},
	journal = {Commun. Math. Phys.},
	pages = {429-457},
	primaryclass = {hep-th},
	slaccitation = {%%CITATION = HEP-TH/9308153;%%},
	title = {{Quasifinite highest weight modules over the Lie algebra of differential operators on the circle}},
	volume = {157},
	year = {1993},
	Bdsk-Url-1 = {https://doi.org/10.1007/BF02096878}
}

@article{Awata:1994tf,
	archiveprefix = {arXiv},
	author = {Awata, Hidetoshi and Fukuma, Masafumi and Matsuo, Yutaka and Odake, Satoru},
	booktitle = {{Quantum field theory, integrable models and beyond. Proceedings, YITP Workshop, Kyoto, Japan, February 14-17, 1994}},
	doi = {10.1143/PTPS.118.343},
	eprint = {hep-th/9408158},
	journal = {Prog. Theor. Phys. Suppl.},
	pages = {343-374},
	primaryclass = {hep-th},
	reportnumber = {RIMS-990, YITP-K-1087, YITP-U-94-25, SULDP-1994-7},
	slaccitation = {%%CITATION = HEP-TH/9408158;%%},
	title = {{Representation theory of the W(1+infinity) algebra}},
	volume = {118},
	year = {1995},
	Bdsk-Url-1 = {https://doi.org/10.1143/PTPS.118.343}
}

@article{Awata:1994xm,
	archiveprefix = {arXiv},
	author = {Awata, H. and Fukuma, M. and Matsuo, Y. and Odake, S.},
	doi = {10.1007/BF02099433},
	eprint = {hep-th/9405093},
	journal = {Commun. Math. Phys.},
	pages = {377-400},
	primaryclass = {hep-th},
	reportnumber = {YITP-K-1060, YITP-U-94-17, SULDP-1994-3, RIMS-982},
	slaccitation = {%%CITATION = HEP-TH/9405093;%%},
	title = {{Character and determinant formulae of quasifinite representation of the W(1+infinity) algebra}},
	volume = {172},
	year = {1995},
	Bdsk-Url-1 = {https://doi.org/10.1007/BF02099433}
}

@article{Pope:1989ew,
	author = {Pope, C. N. and Romans, L. J. and Shen, X.},
	doi = {10.1016/0370-2693(90)90822-N},
	journal = {Phys. Lett.},
	pages = {173-178},
	reportnumber = {CTP-TAMU-64-89, USC-89-HEP032},
	slaccitation = {%%CITATION = PHLTA,B236,173;%%},
	title = {{The Complete Structure of W(Infinity)}},
	volume = {B236},
	year = {1990},
	Bdsk-Url-1 = {https://doi.org/10.1016/0370-2693(90)90822-N}
}

@article{Pope:1989sr,
	author = {Pope, C. N. and Romans, L. J. and Shen, X.},
	doi = {10.1016/0550-3213(90)90539-P},
	journal = {Nucl. Phys.},
	pages = {191-221},
	reportnumber = {USC-89-HEP040, CTP-TAMU-72-89},
	slaccitation = {%%CITATION = NUPHA,B339,191;%%},
	title = {{$W$(infinity) and the Racah-wigner Algebra}},
	volume = {B339},
	year = {1990},
	Bdsk-Url-1 = {https://doi.org/10.1016/0550-3213(90)90539-P}
}

@article{Pope:1990kc,
	author = {Pope, C. N. and Romans, L. J. and Shen, X.},
	doi = {10.1016/0370-2693(90)91782-7},
	journal = {Phys. Lett.},
	pages = {401-406},
	reportnumber = {USC-90/HEP01, CTP-TAMU-17/90},
	slaccitation = {%%CITATION = PHLTA,B242,401;%%},
	title = {{A New Higher Spin Algebra and the Lone Star Product}},
	volume = {B242},
	year = {1990},
	Bdsk-Url-1 = {https://doi.org/10.1016/0370-2693(90)91782-7}
}

@article{Awata:1994em,
	archiveprefix = {arXiv},
	author = {Awata, H. and Fukuma, M. and Matsuo, Y. and Odake, S.},
	doi = {10.1016/0370-2693(94)91262-9},
	eprint = {hep-th/9402001},
	journal = {Phys. Lett.},
	pages = {336-344},
	primaryclass = {hep-th},
	reportnumber = {YITP-K-1054, UT-669, SULDP-1994-1},
	slaccitation = {%%CITATION = HEP-TH/9402001;%%},
	title = {{Determinant formulae of quasifinite representation of W(1+infinity) algebra at lower levels}},
	volume = {B332},
	year = {1994},
	Bdsk-Url-1 = {https://doi.org/10.1016/0370-2693(94)91262-9}
}

@article{Cardy:1991kr,
	author = {Cardy, John L.},
	doi = {10.1016/0550-3213(91)90024-R},
	journal = {Nucl. Phys.},
	pages = {403-419},
	reportnumber = {UCSBTH-91-21},
	slaccitation = {%%CITATION = NUPHA,B366,403;%%},
	title = {{Operator content and modular properties of higher dimensional conformal field theories}},
	volume = {B366},
	year = {1991},
	Bdsk-Url-1 = {https://doi.org/10.1016/0550-3213(91)90024-R}
}

@article{Bergshoeff:1990yd,
	author = {Bergshoeff, E. and Pope, C. N. and Romans, L. J. and Sezgin, E. and Shen, X.},
	doi = {10.1016/0370-2693(90)90672-S},
	journal = {Phys. Lett.},
	pages = {447-452},
	reportnumber = {CTP-TAMU-42/90, CERN-TH-5730/90, USC-90/HEP08},
	slaccitation = {%%CITATION = PHLTA,B245,447;%%},
	title = {{The Super $W$(infinity) Algebra}},
	volume = {B245},
	year = {1990},
	Bdsk-Url-1 = {https://doi.org/10.1016/0370-2693(90)90672-S}
}

@article{Bourgine:2021gnb,
	archiveprefix = {arXiv},
	author = {Bourgine, Jean-Emile},
	eprint = {2101.03877},
	month = {1},
	primaryclass = {hep-th},
	title = {{Quantum $W_{1+\infty}$ subalgebras of BCD type and symmetric polynomials}},
	year = {2021}
}

@article{GolenishchevaKutuzova:1991pp,
	author = {Golenishcheva-Kutuzova, M. and Lebedev, D.},
	doi = {10.1007/BF02100868},
	journal = {Commun. Math. Phys.},
	pages = {403--416},
	reportnumber = {ROME-834-1991},
	title = {{Vertex operator representation of some quantum tori Lie algebras}},
	volume = {148},
	year = {1992},
	Bdsk-Url-1 = {https://doi.org/10.1007/BF02100868}
}

@article{Gaberdiel:2017dbk,
	archiveprefix = {arXiv},
	author = {Gaberdiel, Matthias R. and Gopakumar, Rajesh and Li, Wei and Peng, Cheng},
	doi = {10.1007/JHEP04(2017)152},
	eprint = {1702.05100},
	journal = {JHEP},
	pages = {152},
	primaryclass = {hep-th},
	reportnumber = {BROWN-HET-1703},
	slaccitation = {%%CITATION = ARXIV:1702.05100;%%},
	title = {{Higher Spins and Yangian Symmetries}},
	volume = {04},
	year = {2017},
	Bdsk-Url-1 = {https://doi.org/10.1007/JHEP04(2017)152}
}

@misc{maulik2012,
	archiveprefix = {arXiv},
	author = {Davesh Maulik and Andrei Okounkov},
	eprint = {1211.1287},
	primaryclass = {math.AG},
	title = {Quantum Groups and Quantum Cohomology},
	year = {2012}
}

@article{Nakatsu:2007dk,
	archiveprefix = {arXiv},
	author = {Nakatsu, Toshio and Takasaki, Kanehisa},
	doi = {10.1007/s00220-008-0583-5},
	eprint = {0710.5339},
	journal = {Commun. Math. Phys.},
	pages = {445--468},
	primaryclass = {hep-th},
	title = {{Melting crystal, quantum torus and Toda hierarchy}},
	volume = {285},
	year = {2009},
	Bdsk-Url-1 = {https://doi.org/10.1007/s00220-008-0583-5}
}

@article{Datta:2016cmw,
	archiveprefix = {arXiv},
	author = {Datta, Shouvik and Gaberdiel, Matthias R. and Li, Wei and Peng, Cheng},
	doi = {10.1007/JHEP09(2016)138},
	eprint = {1606.07070},
	journal = {JHEP},
	pages = {138},
	primaryclass = {hep-th},
	slaccitation = {%%CITATION = ARXIV:1606.07070;%%},
	title = {{Twisted sectors from plane partitions}},
	volume = {09},
	year = {2016},
	Bdsk-Url-1 = {https://doi.org/10.1007/JHEP09(2016)138}
}

@article{Jimbo:1983if,
	author = {Jimbo, Michio and Miwa, Tetsuji},
	doi = {10.2977/prims/1195182017},
	journal = {Publ. Res. Inst. Math. Sci. Kyoto},
	pages = {943},
	reportnumber = {RIMS-439},
	slaccitation = {%%CITATION = PBMAA,19,943;%%},
	title = {{Solitons and Infinite Dimensional Lie Algebras}},
	volume = {19},
	year = {1983},
	Bdsk-Url-1 = {https://doi.org/10.2977/prims/1195182017}
}

@unpublished{Borot2015,
	author = {Borot, Gaetan},
	date = {2015},
	title = {An introductory walk in integrable woods}
}

@inproceedings{Justin2008,
	author = {Zinn-Justin, Paul},
	booktitle = {Exact Methods in Low-dimensional Statistical Physics and Quantum Computing: Lecture Notes of the Les Houches Summer School: Volume 89, July 2008},
	date = {2008},
	editor = {Jesper Jacobsen and Stephane Ouvry and Vincent Pasquier and Didina Serban and Leticia Cugliandolo},
	title = {Integrability and combinatorics: Selected Topics}
}

@misc{Prasad2018,
	archiveprefix = {arXiv},
	author = {Amritanshu Prasad},
	eprint = {1802.06073},
	primaryclass = {math.HO},
	title = {An Introduction to Schur Polynomials},
	year = {2018}
}

@misc{okounkov2003symmetric,
	archiveprefix = {arXiv},
	author = {Andrei Okounkov},
	eprint = {math/0309074},
	primaryclass = {math.CO},
	title = {Symmetric functions and random partitions},
	year = {2003}
}

@article{Maeda:2004is,
	archiveprefix = {arXiv},
	author = {Maeda, Takashi and Nakatsu, Toshio and Takasaki, Kanehisa and Tamakoshi, Takeshi},
	doi = {10.1016/j.nuclphysb.2005.02.041},
	eprint = {hep-th/0412329},
	journal = {Nucl. Phys.},
	pages = {275-303},
	primaryclass = {hep-th},
	reportnumber = {OU-HET-513},
	slaccitation = {%%CITATION = HEP-TH/0412329;%%},
	title = {{Free fermion and Seiberg-Witten differential in random plane partitions}},
	volume = {B715},
	year = {2005},
	Bdsk-Url-1 = {https://doi.org/10.1016/j.nuclphysb.2005.02.041}
}

@article{Okounkov2001,
	author = {Okounkov, Andrei and Reshetikhin, Nikolai},
	issn = {0894-0347},
	journal = {Journal of the American Mathematical Society},
	month = {07},
	number = {03},
	pages = {581--604},
	publisher = {American Mathematical Society (AMS)},
	title = {Correlation functions of Schur process with application to local geometry of a random 3-dimensional Young diagram},
	volume = {16},
	year = {2003}
}

@misc{okounkov1999infinite,
	archiveprefix = {arXiv},
	author = {Andrei Okounkov},
	eprint = {math/9907127},
	primaryclass = {math.RT},
	title = {Infinite wedge and random partitions},
	year = {1999}
}

@article{Cordes:1994fc,
	archiveprefix = {arXiv},
	author = {Cordes, Stefan and Moore, Gregory W. and Ramgoolam, Sanjaye},
	booktitle = {{NATO Advanced Study Institute: Les Houches Summer School, Session 62: Fluctuating Geometries in Statistical Mechanics and Field Theory Les Houches, France, August 2-September 9, 1994}},
	doi = {10.1016/0920-5632(95)00434-B},
	eprint = {hep-th/9411210},
	journal = {Nucl. Phys. Proc. Suppl.},
	pages = {184-244},
	primaryclass = {hep-th},
	reportnumber = {YCTP-P11-94, C94-08-02.1, C94-04-11.2},
	slaccitation = {%%CITATION = HEP-TH/9411210;%%},
	title = {{Lectures on 2-d Yang-Mills theory, equivariant cohomology and topological field theories}},
	volume = {41},
	year = {1995},
	Bdsk-Url-1 = {https://doi.org/10.1016/0920-5632(95)00434-B}
}

@book{Marino:2005sj,
  title={Chern-Simons Theory, Matrix Models, and Topological Strings},
  author={Marino, M.},
  isbn={9780198568490},
  lccn={2006272295},
  series={International series of monographs on physics},
  url={https://books.google.com.br/books?id=jsvrvXPc4hIC},
  year={2005},
  publisher={Clarendon Press}
}


@misc{Okounkov2003,
	archiveprefix = {arXiv},
	author = {Andrei Okounkov},
	eprint = {math-ph/0309015},
	primaryclass = {math-ph},
	title = {The uses of random partitions},
	year = {2003}
}

@article{Doikou:2009xq,
	archiveprefix = {arXiv},
	author = {Doikou, Anastasia and Evangelisti, Stefano and Feverati, Giovanni and Karaiskos, Nikos},
	doi = {10.1142/S0217751X10049803},
	eprint = {0912.3350},
	journal = {Int. J. Mod. Phys. A},
	pages = {3307--3351},
	primaryclass = {math-ph},
	reportnumber = {LAPTH-1367-09},
	title = {{Introduction to Quantum Integrability}},
	volume = {25},
	year = {2010},
	Bdsk-Url-1 = {https://doi.org/10.1142/S0217751X10049803}
}

@article{Kundu,
	author = {Anjan Kundu},
	title = {{Quantum Integrable Systems: Construction, Solution, Algebraic Aspects}}
}

@book{Baxter:1982zz,
	author = {Baxter, R. J.},
	isbn = {978-0-486-46271-4},
	title = {{Exactly solved models in statistical mechanics}},
	year = {1982}
}

@book{Gomez:1996az,
	author = {Gomez, C. and Sierra, G. and Ruiz-Altaba, M.},
	doi = {10.1017/CBO9780511628825},
	publisher = {Cambridge University Press},
	series = {Cambridge Monographs on Mathematical Physics},
	slaccitation = {%%CITATION = INSPIRE-428978;%%},
	title = {{Quantum groups in two-dimensional physics}},
	year = {2011},
	Bdsk-Url-1 = {https://doi.org/10.1017/CBO9780511628825}
}

@inproceedings{Reshetikhin2010,
	author = {N. Reshetikhin},
	booktitle = {Exact Methods in Low-dimensional Statistical Physics and Quantum Computing: Lecture Notes of the Les Houches Summer School: Volume 89, July 2008},
	date = {2008},
	editor = {Jesper Jacobsen and Stephane Ouvry and Vincent Pasquier and Didina Serban and Leticia Cugliandolo},
	title = {Lectures on the integrability of the 6-vertex model}
}

@phdthesis{VittoriniOrgeas:2019,
	author = {Vittorini Orgeas, Alessandra},
	school = {U. Melbourne (main)},
	title = {{Yang-Baxter integrable dimers and fused restricted-solid-on-solid lattice models}},
	year = {2019}
}

@unpublished{Jacobsen2013,
	author = {Jesper Lykke Jacobsen, Yacine Ikhlef},
	date = {2013},
	title = {Algebres, Integrabilite et Modeles Exactement Solubles}
}

@article{Jacobsen:2019jyk,
	author = {Jacobsen, Jesper Lykke},
	doi = {10.1093/oso/9780198828150.003.0001},
	editor = {Dorey, Patrick and Korchemsky, Gregory and Nekrasov, Nikita and Schomerus, Volker and Serban, Didina and Cugliandolo, Leticia},
	journal = {Les Houches Lect. Notes},
	title = {{Integrability in statistical physics and quantum spin chains}},
	volume = {106},
	year = {2019},
	Bdsk-Url-1 = {https://doi.org/10.1093/oso/9780198828150.003.0001}
}

@phdthesis{Wheeler:2010vmq,
    author = "Wheeler, Michael Alan",
    title = "{Free fermions in classical and quantum integrable models}",
    eprint = "1110.6703",
    archivePrefix = "arXiv",
    primaryClass = "math-ph",
    school = "Melbourne U.",
    year = "2010"
}

@book{Korepin:1993kvr,
	address = {Cambridge},
	author = {Korepin, V. E. and Bogoliubov, N. M. and Izergin, A. G.},
	doi = {10.1017/CBO9780511628832},
	isbn = {978-0-511-62883-2},
	publisher = {Cambridge University Press},
	series = {Cambridge Monographs on Mathematical Physics},
	title = {{Quantum Inverse Scattering Method and Correlation Functions}},
	year = {1993},
	Bdsk-Url-1 = {https://doi.org/10.1017/CBO9780511628832}
}

@book{Franchini2017,
	author = {Franchini, F.},
	isbn = {9783319484877},
	publisher = {Springer International Publishing},
	series = {Lecture Notes in Physics},
	title = {An Introduction to Integrable Techniques for One-Dimensional Quantum Systems},
	url = {https://books.google.ch/books?id=UGclDwAAQBAJ},
	year = {2017},
	Bdsk-Url-1 = {https://books.google.ch/books?id=UGclDwAAQBAJ}
}

@article{Korepin:1982gg,
	author = {Korepin, V. E.},
	doi = {10.1007/BF01212176},
	journal = {Commun. Math. Phys.},
	pages = {391--418},
	title = {{CALCULATION OF NORMS OF BETHE WAVE FUNCTIONS}},
	volume = {86},
	year = {1982},
	Bdsk-Url-1 = {https://doi.org/10.1007/BF01212176}
}

@inproceedings{Bleher2009,
	address = {Dordrecht},
	author = {Bleher, Pavel M.},
	booktitle = {New Trends in Mathematical Physics},
	editor = {Sidoravi{\v{c}}ius, Vladas},
	pages = {59--72},
	publisher = {Springer Netherlands},
	title = {Exact Solution of the Six-Vertex Model with Domain Wall Boundary Conditions},
	year = {2009}
}

@article{Izergin:1991rs,
	author = {Izergin, Anatolij G. and Coker, David A. and Korepin, Vladimir E.},
	journal = {J. Phys. A},
	pages = {4315--4334},
	reportnumber = {ITP-SB-91-46},
	title = {{Determinant formula for the six vertex model}},
	volume = {25},
	year = {1992}
}

@book{Macdonald1998,
	author = {MacDonald, E.P.Q.M.W.C.I.G. and Macdonald, I.G. and American Mathematical Society and Lewis, D.J.B.},
	isbn = {9780821807705},
	lccn = {97026100},
	publisher = {American Mathematical Society},
	series = {University lecture series},
	title = {Symmetric Functions and Orthogonal Polynomials},
	url = {https://books.google.ch/books?id=eOfxBwAAQBAJ},
	year = {1998},
	Bdsk-Url-1 = {https://books.google.ch/books?id=eOfxBwAAQBAJ}
}

@unpublished{Lankham2007,
	author = {Isaiah Lankham, Bruno Nachtergaele, Anne Schilling},
	date = {2007},
	title = {Linear Algebra - As an Introduction to Abstract Mathematics}
}

@article{zinn2000six,
	author = {Zinn-Justin, Paul},
	journal = {Physical Review E},
	number = {3},
	pages = {3411},
	publisher = {APS},
	title = {Six-vertex model with domain wall boundary conditions and one-matrix model},
	volume = {62},
	year = {2000}
}

@article{korepin2000the,
	author = {Korepin, Vladimir and Zinn-Justin, Paul},
	journal = {Journal of Physics A: Mathematical and General},
	number = {40},
	pages = {7053},
	publisher = {IOP Publishing},
	title = {Thermodynamic limit of the six-vertex model with domain wall boundary conditions},
	volume = {33},
	year = {2000}
}

@inproceedings{bleher2009ex,
	address = {Dordrecht},
	author = {Bleher, Pavel M.},
	booktitle = {New Trends in Mathematical Physics},
	editor = {Sidoravi{\v{c}}ius, Vladas},
	isbn = {978-90-481-2810-5},
	pages = {59--72},
	publisher = {Springer Netherlands},
	title = {Exact Solution of the Six-Vertex Model with Domain Wall Boundary Conditions},
	year = {2009}
}

@article{Kitanine1999,
	author = {Kitanine, N. and Maillet, J.M. and Terras, V.},
	doi = {10.1016/s0550-3213(99)00295-3},
	issn = {0550-3213},
	journal = {Nuclear Physics B},
	month = {08},
	number = {3},
	pages = {647--678},
	publisher = {Elsevier BV},
	title = {Form factors of the XXZ Heisenberg finite chain},
	url = {http://dx.doi.org/10.1016/S0550-3213(99)00295-3},
	volume = {554},
	year = {1999},
	Bdsk-Url-1 = {http://dx.doi.org/10.1016/S0550-3213(99)00295-3},
	Bdsk-Url-2 = {http://dx.doi.org/10.1016/s0550-3213(99)00295-3}
}

@article{Kitanine_2007,
	author = {Kitanine, N and Kozlowski, K and Maillet, J M and Slavnov, N A and Terras, V},
	doi = {10.1088/1742-5468/2007/01/p01022},
	issn = {1742-5468},
	journal = {Journal of Statistical Mechanics: Theory and Experiment},
	month = {01},
	number = {01},
	pages = {P01022--P01022},
	publisher = {IOP Publishing},
	title = {On correlation functions of integrable models associated with the six-vertexR-matrix},
	url = {http://dx.doi.org/10.1088/1742-5468/2007/01/P01022},
	volume = {2007},
	year = {2007},
	Bdsk-Url-1 = {http://dx.doi.org/10.1088/1742-5468/2007/01/P01022},
	Bdsk-Url-2 = {http://dx.doi.org/10.1088/1742-5468/2007/01/p01022}
}

@article{Wheeler:2011xw,
	archiveprefix = {arXiv},
	author = {Wheeler, M},
	doi = {10.1016/j.nuclphysb.2011.07.006},
	eprint = {1104.2113},
	journal = {Nucl. Phys. B},
	pages = {468--507},
	primaryclass = {math-ph},
	title = {{An Izergin-Korepin procedure for calculating scalar products in six-vertex models}},
	volume = {852},
	year = {2011},
	Bdsk-Url-1 = {https://doi.org/10.1016/j.nuclphysb.2011.07.006}
}

@article{Foda2009,
	author = {Foda, O and Wheeler, M and Zuparic, M},
	doi = {10.1088/1742-5468/2009/03/p03017},
	issn = {1742-5468},
	journal = {Journal of Statistical Mechanics: Theory and Experiment},
	month = {03},
	number = {03},
	pages = {P03017},
	publisher = {IOP Publishing},
	title = {Domain wall partition functions and KP},
	url = {http://dx.doi.org/10.1088/1742-5468/2009/03/P03017},
	volume = {2009},
	year = {2009},
	Bdsk-Url-1 = {http://dx.doi.org/10.1088/1742-5468/2009/03/P03017},
	Bdsk-Url-2 = {http://dx.doi.org/10.1088/1742-5468/2009/03/p03017}
}

@phdthesis{Stanciu:1994mf,
	archiveprefix = {arXiv},
	author = {Stanciu, Sonia},
	eprint = {hep-th/9407189},
	primaryclass = {hep-th},
	reportnumber = {BONN-IR-94-07},
	school = {Bonn U.},
	slaccitation = {%%CITATION = HEP-TH/9407189;%%},
	title = {{Supersymmetric integrable hierarchies and string theory}},
	year = {1994}
}

@article{Dijkgraaf:1991qh,
	archiveprefix = {arXiv},
	author = {Dijkgraaf, Robbert},
	booktitle = {{New symmetry principles in quantum field theory. Proceedings, NATO Advanced Study Institute, Cargese, France, July 16-27, 1991}},
	eprint = {hep-th/9201003},
	note = {[NATO Sci. Ser. B295,95(1992)]},
	primaryclass = {hep-th},
	reportnumber = {IASSNS-HEP-91-91},
	slaccitation = {%%CITATION = HEP-TH/9201003;%%},
	title = {{Intersection theory, integrable hierarchies and topological field theory}},
	year = {1991}
}

@book{Miwa2000,
	author = {Miwa, T. and Jimbo, M. and Date, E.},
	isbn = {9780521561617},
	publisher = {Cambridge University Press},
	series = {Cambridge Tracts in Mathematics},
	title = {Solitons: Differential Equations, Symmetries and Infinite Dimensional Algebras},
	url = {https://books.google.ch/books?id=kQDw1ZcqLjUC},
	year = {2000},
	Bdsk-Url-1 = {https://books.google.ch/books?id=kQDw1ZcqLjUC}
}

@book{Hitchin2013,
	author = {Hitchin, N.J. and Segal, G.B. and Ward, R.S.},
	isbn = {9780191664458},
	publisher = {OUP Oxford},
	series = {Oxford Graduate Texts in Mathematics},
	title = {Integrable Systems: Twistors, Loop Groups, and Riemann Surfaces},
	url = {https://books.google.ch/books?id=DIBpAgAAQBAJ},
	year = {2013},
	Bdsk-Url-1 = {https://books.google.ch/books?id=DIBpAgAAQBAJ}
}

@article{Segal:1985aga,
	author = {Segal, Graeme and Wilson, George},
	doi = {10.1007/BF02698802},
	journal = {Inst. Hautes Etudes Sci. Publ. Math.},
	number = {1},
	pages = {5-65},
	slaccitation = {%%CITATION = PMIHA,61,5;%%},
	title = {{Loop groups and equations of KdV type}},
	volume = {61},
	year = {1985},
	Bdsk-Url-1 = {https://doi.org/10.1007/BF02698802}
}

@article{Nimmo_2009,
	author = {Nimmo, J. J. C. and Ruijsenaars, S. N. M.},
	doi = {10.1063/1.3110012},
	issn = {1089-7658},
	journal = {Journal of Mathematical Physics},
	month = {04},
	number = {4},
	pages = {043511},
	publisher = {AIP Publishing},
	title = {Tzitzeica solitons versus relativistic Calogero--Moser three-body clusters},
	url = {http://dx.doi.org/10.1063/1.3110012},
	volume = {50},
	year = {2009},
	Bdsk-Url-1 = {http://dx.doi.org/10.1063/1.3110012}
}

@article{Serban:2004jf,
    author = "Serban, Didina and Staudacher, Matthias",
    title = "{Planar N=4 gauge theory and the Inozemtsev long range spin chain}",
    eprint = "hep-th/0401057",
    archivePrefix = "arXiv",
    reportNumber = "AEI-2004-001, SACLAY-SPHT-T04-002",
    doi = "10.1088/1126-6708/2004/06/001",
    journal = "JHEP",
    volume = "06",
    pages = "001",
    year = "2004"
}

@article{Klabbers:2020osb,
    author = "Klabbers, Rob and Lamers, Jules",
    title = "{How Coordinate Bethe Ansatz Works for Inozemtsev Model}",
    eprint = "2009.14513",
    archivePrefix = "arXiv",
    primaryClass = "math-ph",
    doi = "10.1007/s00220-021-04281-x",
    journal = "Commun. Math. Phys.",
    volume = "390",
    number = "2",
    pages = "827--905",
    year = "2022"
}

@inproceedings{DHoker:1999yni,
    author = "D'Hoker, Eric and Phong, D. H.",
    title = "{Lectures on supersymmetric Yang-Mills theory and integrable systems}",
    booktitle = "{9th CRM Summer School: Theoretical Physics at the End of the 20th Century}",
    eprint = "hep-th/9912271",
    archivePrefix = "arXiv",
    reportNumber = "UCLA-99-TEP-28",
    pages = "1--125",
    month = "12",
    year = "1999"
}

@article{DHoker:1999sqz,
    author = "D'Hoker, Eric and Phong, D. H.",
    title = "{Seiberg-Witten theory and integrable systems}",
    eprint = "hep-th/9903068",
    archivePrefix = "arXiv",
    reportNumber = "UCLA-99-TEP-8",
    month = "3",
    year = "1999"
}

@article{Bilal:2001nv,
    author = "Bilal, Adel",
    title = "{Introduction to supersymmetry}",
    eprint = "hep-th/0101055",
    archivePrefix = "arXiv",
    reportNumber = "NEIP-01-001",
    month = "1",
    year = "2001"
}

@unpublished{samann2009,
	Author = {Christian Samann},
	Keywords = {A,ab,ae; fields, gauge, susy},
	Title = {Introduction to Supersymmetry},
	Url = {{http://www.christiansaemann.de/supersymmetry.html}},
	Year = {2009},
	Bdsk-Url-1 = {%7Bhttp://www.christiansaemann.de/supersymmetry.html%7D}}


@article{Nekrasov:2002qd,
    author = "Nekrasov, Nikita A.",
    title = "{Seiberg-Witten prepotential from instanton counting}",
    eprint = "hep-th/0206161",
    archivePrefix = "arXiv",
    reportNumber = "ITEP-TH-22-02, IHES-P-04-22",
    doi = "10.4310/ATMP.2003.v7.n5.a4",
    journal = "Adv. Theor. Math. Phys.",
    volume = "7",
    number = "5",
    pages = "831--864",
    year = "2003"
}

@article{Nekrasov:2003rj,
    author = "Nekrasov, Nikita and Okounkov, Andrei",
    title = "{Seiberg-Witten theory and random partitions}",
    eprint = "hep-th/0306238",
    archivePrefix = "arXiv",
    reportNumber = "ITEP-TH-36-03, PUDM-2003, IHES-P-03-43",
    doi = "10.1007/0-8176-4467-9_15",
    journal = "Prog. Math.",
    volume = "244",
    pages = "525--596",
    year = "2006"
}

@article{Nakajima:2003pg,
    author = "Nakajima, Hiraku and Yoshioka, Kota",
    title = "{Instanton counting on blowup. 1.}",
    eprint = "math/0306198",
    archivePrefix = "arXiv",
    doi = "10.1007/s00222-005-0444-1",
    journal = "Invent. Math.",
    volume = "162",
    pages = "313--355",
    year = "2005"
}

@article{Maeda:2004iq,
    author = "Maeda, Takashi and Nakatsu, Toshio and Takasaki, Kanehisa and Tamakoshi, Takeshi",
    title = "{Five-dimensional supersymmetric Yang-Mills theories and random plane partitions}",
    eprint = "hep-th/0412327",
    archivePrefix = "arXiv",
    reportNumber = "OU-HET-512",
    doi = "10.1088/1126-6708/2005/03/056",
    journal = "JHEP",
    volume = "03",
    pages = "056",
    year = "2005"
}

@book{Fulton:2004uyc,
    author = "Fulton, William and Harris, Joe",
    title = "{Representation Theory}",
    doi = "10.1007/978-1-4612-0979-9",
    publisher = "Springer",
    address = "New York",
    series = "Graduate Texts in Mathematics",
    year = "2004"
}

@article{Foda:2008hn,
    author = "Foda, O. and Wheeler, M.",
    title = "{Hall-Littlewood plane partitions and KP}",
    eprint = "0809.2138",
    archivePrefix = "arXiv",
    primaryClass = "math-ph",
    journal = "Int. Math. Res. Not.",
    volume = "2009",
    pages = "2597--2619",
    year = "2009"
}

@article{Sulkowski:2008mx,
    author = "Sulkowski, Piotr",
    title = "{Deformed boson-fermion correspondence, Q-bosons, and topological strings on the conifold}",
    eprint = "0808.2327",
    archivePrefix = "arXiv",
    primaryClass = "hep-th",
    reportNumber = "BONN-TH-2008-09",
    doi = "10.1088/1126-6708/2008/10/104",
    journal = "JHEP",
    volume = "10",
    pages = "104",
    year = "2008"
}

@article{Jing1991,
  title={Vertex operators and Hall-Littlewood symmetric functions},
  author={Naihuan Jing},
  journal={Advances in Mathematics},
  year={1991},
  volume={87},
  pages={226-248},
  url={https://api.semanticscholar.org/CorpusID:121712382}
}

@article{Jing1995,
  title={Boson–fermion correspondence for Hall–Littlewood polynomials},
  author={Naihuan Jing},
  journal={Journal of Mathematical Physics},
  year={1995},
  volume={36},
  pages={7073-7080},
  url={https://api.semanticscholar.org/CorpusID:123348197}
}

@article{Bogoliubov:1997soj,
    author = "Bogoliubov, N. M. and Izergin, A. G. and Kitanine, N. A.",
    title = "{Correlation functions for a strongly correlated boson system}",
    eprint = "solv-int/9710002",
    archivePrefix = "arXiv",
    reportNumber = "PDMI-PREPRINT---17-1997",
    doi = "10.1016/S0550-3213(98)00038-8",
    journal = "Nucl. Phys. B",
    volume = "516",
    pages = "501--528",
    year = "1998"
}

@article{Bogoliubov2005,
   title={Boxed plane partitions as an exactly solvable boson model},
   volume={38},
   ISSN={1361-6447},
   url={http://dx.doi.org/10.1088/0305-4470/38/43/002},
   DOI={10.1088/0305-4470/38/43/002},
   number={43},
   journal={Journal of Physics A: Mathematical and General},
   publisher={IOP Publishing},
   author={Bogoliubov, N M},
   year={2005},
   month=oct, pages={9415–9430}
}

@article{Takasaki:2018wsv,
    author = "Takasaki, Kanehisa",
    title = "{Toda hierarchies and their applications}",
    eprint = "1801.09924",
    archivePrefix = "arXiv",
    primaryClass = "math-ph",
    doi = "10.1088/1751-8121/aabc14",
    journal = "J. Phys. A",
    volume = "51",
    number = "20",
    pages = "203001",
    year = "2018"
}

@article{Saulina:2004da,
    author = "Saulina, Natalia and Vafa, Cumrun",
    title = "{D-branes as defects in the Calabi-Yau crystal}",
    eprint = "hep-th/0404246",
    archivePrefix = "arXiv",
    reportNumber = "HUTP-04-A018",
    month = "4",
    year = "2004"
}

@article{Kharchev:1991gd,
    author = "Kharchev, S. and Marshakov, A. and Mironov, A. and Orlov, A. and Zabrodin, A.",
    title = "{Matrix models among integrable theories: Forced hierarchies and operator formalism}",
    reportNumber = "FIAN-TD-01-91A",
    doi = "10.1016/0550-3213(91)90030-2",
    journal = "Nucl. Phys. B",
    volume = "366",
    pages = "569--601",
    year = "1991"
}

@article{Zabrodin:2010ii,
    author = "Zabrodin, A.",
    title = "{Canonical and grand canonical partition functions of Dyson gases as tau-functions of integrable hierarchies and their fermionic realization}",
    eprint = "1002.2708",
    archivePrefix = "arXiv",
    primaryClass = "math-ph",
    doi = "10.1007/s11785-010-0063-8",
    journal = "Comp. Anal. Op. Theor.",
    volume = "4",
    pages = "497--514",
    year = "2010"
}

@inproceedings{Takasaki:2010qm,
    author = "Takasaki, Kanehisa",
    title = "{KP and Toda tau functions in Bethe ansatz}",
    eprint = "1003.3071",
    archivePrefix = "arXiv",
    primaryClass = "math-ph",
    doi = "10.1142/9789814324373_0019",
    month = "3",
    year = "2010"
}

@article{Tsilevich:2006,
  title={Quantum inverse scattering method for the q-boson model and symmetric functions},
  author={Tsilevich, Natalia Vladimirovna},
  journal={Functional Analysis and Its Applications},
  volume={40},
  number={3},
  pages={207--217},
  year={2006},
  publisher={Springer}
}

@book{Macdonald:1998,
  title={Symmetric Functions and Hall Polynomials},
  author={Macdonald, I.G.},
  isbn={9780198504504},
  lccn={94027392},
  series={Oxford classic texts in the physical sciences},
  url={https://books.google.com.br/books?id=srv90XiUbZoC},
  year={1998},
  publisher={Clarendon Press}
}

@article{Wheeler:2018,
  title={Hall polynomials, inverse Kostka polynomials and puzzles},
  author={Wheeler, Michael and Zinn-Justin, Paul},
  journal={Journal of Combinatorial Theory, Series A},
  volume={159},
  pages={107--163},
  year={2018},
  publisher={Elsevier}
}

@article{Necoechea:2019wbg,
    author = "Necoechea, Gabriel and Rozhkovskaya, Natasha",
    title = "{Boson-fermion correspondence for Hall-Littlewood polynomials revisited}",
    eprint = "1902.10049",
    archivePrefix = "arXiv",
    primaryClass = "math-ph",
    month = "2",
    year = "2019"
}

@article{Bogoliubov:1992,
  title={A q-deformed completely integrable Bose gas model},
  author={Nikolay Bogoliubov and Robin Bullough},
  journal={Journal of Physics A},
  year={1992},
  volume={25},
  pages={4057-4071},
  url={https://api.semanticscholar.org/CorpusID:122595609}
}

@article{Moens:2003,
  title={A determinantal formula for supersymmetric Schur polynomials},
  author={Moens, EM},
  journal={Journal of Algebraic Combinatorics},
  volume={17},
  pages={283--307},
  year={2003},
  publisher={Springer}
}

@article{Berele:1983,
  title={Hook young diagrams, combinatorics and representations of Lie superalgebras},
  author={Allan Berele and Amitai Regev},
  journal={Bulletin of the American Mathematical Society},
  year={1983},
  volume={8},
  pages={337-339},
  url={https://api.semanticscholar.org/CorpusID:121543466}
}

@article{orlov:2001,
  title={Hypergeometric solutions of soliton equations},
  author={Orlov, A Yu and Scherbin, DM},
  journal={Theoretical and Mathematical Physics},
  volume={128},
  number={1},
  pages={906--926},
  year={2001},
  publisher={Springer}
}

@article{Orlov:2001b,
   title={Multivariate hypergeometric functions as tau-functions of Toda lattice and Kadomtsev–Petviashvili equation},
   volume={152–153},
   ISSN={0167-2789},
   url={http://dx.doi.org/10.1016/S0167-2789(01)00158-0},
   DOI={10.1016/s0167-2789(01)00158-0},
   journal={Physica D: Nonlinear Phenomena},
   publisher={Elsevier BV},
   author={Orlov, A.Yu. and Scherbin, D.M.},
   year={2001},
   month=may, pages={51–65}
}

@misc{Orlov:2000,
      title={Fermionic representation for basic hypergeometric functions related to Schur polynomials}, 
      author={A. Yu. Orlov and D. M. Scherbin},
      year={2000},
      eprint={nlin/0001001},
      archivePrefix={arXiv},
      primaryClass={nlin.SI}
}

@article{Orlov:2005,
  title={Schur function expansion for normal matrix model and associated discrete matrix models},
  author={Orlov, A Yu and Shiota, T},
  journal={Physics Letters A},
  volume={343},
  number={5},
  pages={384--396},
  year={2005},
  publisher={Elsevier}
}

@article{Wu:1975mw,
    author = "Wu, Tai Tsun and McCoy, Barry M. and Tracy, Craig A. and Barouch, Eytan",
    title = "{Spin spin correlation functions for the two-dimensional Ising model: Exact theory in the scaling region}",
    doi = "10.1103/PhysRevB.13.316",
    journal = "Phys. Rev. B",
    volume = "13",
    pages = "316--374",
    year = "1976"
}

@article{Its:1992bj,
    author = "Its, A. R. and Izergin, A. G. and Korepin, V. E. and Slavnov, N. A.",
    title = "{Temperature correlations of quantum spins}",
    eprint = "hep-th/9212135",
    archivePrefix = "arXiv",
    reportNumber = "INS-211, ITP-SB-92-47, ENSLAPP-394",
    doi = "10.1103/PhysRevLett.70.1704",
    journal = "Phys. Rev. Lett.",
    volume = "70",
    pages = "1704--1708",
    year = "1993",
    note = "[Erratum: Phys.Rev.Lett. 70, 2357 (1993)]"
}

@book{polchinski1998string,
	Author = {Polchinski, J.},
	Isbn = {9781139457408},
	Publisher = {Cambridge University Press},
	Series = {Cambridge Monographs on Mathematical Physics},
	Title = {String Theory: Volume 1, An Introduction to the Bosonic String \& Volume 2, Superstring Theory and Beyond},
	Year = {1998}}

@article{Belavin:1984vu,
	Author = {Belavin, A. A. and Polyakov, Alexander M. and Zamolodchikov, A. B.},
	Doi = {10.1016/0550-3213(84)90052-X},
	Journal = {Nucl. Phys.},
	Pages = {333-380},
	Reportnumber = {CERN-TH-3827},
	Slaccitation = {%%CITATION = NUPHA,B241,333;%%},
	Title = {{Infinite Conformal Symmetry in Two-Dimensional Quantum Field Theory}},
	Volume = {B241},
	Year = {1984},
	Bdsk-Url-1 = {https://doi.org/10.1016/0550-3213(84)90052-X}}

@book{zinn2002quantum,
	Author = {Zinn-Justin, J.},
	Isbn = {9780191708732},
	Publisher = {Clarendon},
	Series = {International series of monographs on physics},
	Title = {Quantum Field Theory and Critical Phenomena},
	Url = {https://books.google.co.kr/books?id=x0YdnQAACAAJ},
	Year = {2002},
	Bdsk-Url-1 = {https://books.google.co.kr/books?id=x0YdnQAACAAJ}}

@book{DiFrancesco:1997nk,
	Address = {New York},
	Author = {Di Francesco, P. and Mathieu, P. and Senechal, D.},
	Doi = {10.1007/978-1-4612-2256-9},
	Publisher = {Springer-Verlag},
	Series = {Graduate Texts in Contemporary Physics},
	Slaccitation = {%%CITATION = INSPIRE-454643;%%},
	Title = {{Conformal Field Theory}},
	Year = {1997},
	Bdsk-Url-1 = {https://doi.org/10.1007/978-1-4612-2256-9}}

@book{henkel2010,
  title={Conformal Invariance and Critical Phenomena},
  author={Henkel, M.},
  isbn={9783642084669},
  lccn={99001144},
  series={Theoretical and Mathematical Physics},
  url={https://books.google.co.kr/books?id=qwEIkgAACAAJ},
  year={2010},
  publisher={Springer Berlin Heidelberg}
}

@book{Mussardo:2010mgq,
	Address = {New York, NY},
	Author = {Mussardo, Giuseppe},
	Publisher = {Oxford Univ. Press},
	Slaccitation = {%%CITATION = INSPIRE-1509671;%%},
	Title = {{Statistical field theory}},
	Year = {2010}}

@book{kleinert2009,
	Author = {Kleinert, H.},
	Isbn = {9789814273572},
	Publisher = {World Scientific},
	Series = {EBL-Schweitzer},
	Title = {Path Integrals in Quantum Mechanics, Statistics, Polymer Physics, and Financial Markets},
	Url = {https://books.google.co.kr/books?id=VJ1qNz5xYzkC},
	Year = {2009},
	Bdsk-Url-1 = {https://books.google.co.kr/books?id=VJ1qNz5xYzkC}}

@book{hori2003mirror,
	Author = {Hori, K.},
	Isbn = {9780821829554},
	Lccn = {03052414},
	Publisher = {American Mathematical Society},
	Series = {Clay mathematics monographs},
	Title = {Mirror Symmetry},
	Year = {2003}}

@article{Kadanoff:1966wm,
      author         = "Kadanoff, L. P.",
      title          = "{Scaling laws for Ising models near T(c)}",
      journal        = "Physics Physique Fizika",
      volume         = "2",
      year           = "1966",
      pages          = "263-272",
      doi            = "10.1103/PhysicsPhysiqueFizika.2.263",
      SLACcitation   = "%%CITATION = INSPIRE-50012;%%"
}

@article{AlvarezGaume:2012zz,
      author         = "Alvarez-Gaume, Luis and Vazquez-Mozo, Miguel A.",
      title          = "{An invitation to quantum field theory}",
      journal        = "Lect. Notes Phys.",
      volume         = "839",
      year           = "2012",
      pages          = "1-294",
      doi            = "10.1007/978-3-642-23728-7",
      SLACcitation   = "%%CITATION = LNPHA,839,1;%%"
} 

@book{peskin1995introduction,
	Author = {Peskin, M.E. and Schroeder, D.V.},
	Isbn = {9780201503975},
	Keywords = {A,ab,ac; fields, gauge, particles},
	Lccn = {89027170},
	Publisher = {Addison-Wesley Publishing Company},
	Series = {Advanced book classics},
	Title = {An Introduction to Quantum Field Theory},
	Url = {https://books.google.com.br/books?id=i35LALN0GosC},
	Year = {1995},
	Bdsk-Url-1 = {https://books.google.com.br/books?id=i35LALN0GosC}}

@article{deVega:1979zy,
    author = "de Vega, H. J.",
    title = "{Field Theories With an Infinite Number of Conservation Laws and Backlund Transformations in Two-dimensions}",
    reportNumber = "SACLAY-DPh-T 79/89",
    doi = "10.1016/0370-2693(79)90971-7",
    journal = "Phys. Lett. B",
    volume = "87",
    pages = "233--236",
    year = "1979"
}

@article{Abdalla:1984gm,
    author = "Abdalla, M. C. B.",
    title = "{Integrability of Chiral Nonlinear $\sigma$ Models Summed to a {Wess-Zumino} Term}",
    reportNumber = "NBI-HE-84-38",
    doi = "10.1016/0370-2693(85)91172-4",
    journal = "Phys. Lett. B",
    volume = "152",
    pages = "215--217",
    year = "1985"
}

@article{Bernard:1991vq,
    author = "Bernard, Denis",
    title = "{On symmetries of some massless 2-D field theories}",
    eprint = "hep-th/9201006",
    archivePrefix = "arXiv",
    reportNumber = "SACLAY-SPH-T-91-189",
    doi = "10.1016/0370-2693(92)91844-Y",
    journal = "Phys. Lett. B",
    volume = "279",
    pages = "78--86",
    year = "1992"
}

@article{Bernard:1996bp,
    author = "Bernard, Denis and Maassarani, Z. and Mathieu, P.",
    title = "{Logarithmic Yangians in WZW models}",
    eprint = "hep-th/9612217",
    archivePrefix = "arXiv",
    reportNumber = "SACLAY-SPH-T-96-139, LAVAL-PHY-22-96",
    doi = "10.1142/S0217732397000558",
    journal = "Mod. Phys. Lett. A",
    volume = "12",
    pages = "535--544",
    year = "1997"
}

@article{MacKay:1992he,
    author = "MacKay, N. J.",
    title = "{On the classical origins of Yangian symmetry in integrable field theory}",
    reportNumber = "DTP-92-09",
    doi = "10.1016/0370-2693(92)90280-H",
    journal = "Phys. Lett. B",
    volume = "281",
    pages = "90--97",
    year = "1992",
    note = "[Erratum: Phys.Lett.B 308, 444--444 (1993)]"
}

@book{blumenhagen2012,
	Author = {Blumenhagen, R. and L{\"u}st, D. and Theisen, S.},
	Isbn = {9783642294969},
	Lccn = {2012945175},
	Publisher = {Springer Berlin Heidelberg},
	Series = {Theoretical and Mathematical Physics},
	Title = {Basic Concepts of String Theory},
	Year = {2012}}

@article{Blumenhagen:2009zz,
	Author = {Blumenhagen, Ralph and Plauschinn, Erik},
	Doi = {10.1007/978-3-642-00450-6},
	Journal = {Lect. Notes Phys.},
	Pages = {1-256},
	Slaccitation = {%%CITATION = LNPHA,779,1;%%},
	Title = {{Introduction to conformal field theory}},
	Volume = {779},
	Year = {2009},
	Bdsk-Url-1 = {https://doi.org/10.1007/978-3-642-00450-6}}

@inproceedings{Ginsparg:1988ui,
	Archiveprefix = {arXiv},
	Author = {Ginsparg, Paul H.},
	Booktitle = {{Les Houches Summer School in Theoretical Physics: Fields, Strings, Critical Phenomena Les Houches, France, June 28-August 5, 1988}},
	Eprint = {hep-th/9108028},
	Pages = {1-168},
	Primaryclass = {hep-th},
	Reportnumber = {HUTP-88-A054},
	Slaccitation = {%%CITATION = HEP-TH/9108028;%%},
	Title = {{Applied conformal field theory}},
	Url = {http://inspirehep.net/record/265020/files/arXiv:hep-th_9108028.pdf},
	Year = {1988},
	Bdsk-Url-1 = {http://inspirehep.net/record/265020/files/arXiv:hep-th_9108028.pdf}}

@book{Recknagel:2013uja,
	Author = {Recknagel, Andreas and Schomerus, Volker},
	Publisher = {Cambridge University Press},
	Series = {Cambridge Monographs on Mathematical Physics},
	Slaccitation = {%%CITATION = INSPIRE-1308990;%%},
	Title = {{Boundary Conformal Field Theory and the Worldsheet Approach to D-Branes}},
	Url = {http://www.cambridge.org/9780521832236},
	Year = {2013},
	Bdsk-Url-1 = {http://www.cambridge.org/9780521832236}}

@article{Gaberdiel:1999mc,
	Archiveprefix = {arXiv},
	Author = {Gaberdiel, Matthias R.},
	Doi = {10.1088/0034-4885/63/4/203},
	Eprint = {hep-th/9910156},
	Journal = {Rept. Prog. Phys.},
	Pages = {607-667},
	Primaryclass = {hep-th},
	Reportnumber = {DAMTP-1999-143},
	Slaccitation = {%%CITATION = HEP-TH/9910156;%%},
	Title = {{An Introduction to conformal field theory}},
	Volume = {63},
	Year = {2000},
	Bdsk-Url-1 = {https://doi.org/10.1088/0034-4885/63/4/203}}

@article{Schottenloher:2008zz,
	Author = {Schottenloher, Martin},
	Doi = {10.1007/978-3-540-68628-6},
	Journal = {Lect. Notes Phys.},
	Pages = {1-237},
	Slaccitation = {%%CITATION = LNPHA,759,1;%%},
	Title = {{A mathematical introduction to conformal field theory}},
	Volume = {759},
	Year = {2008},
	Bdsk-Url-1 = {https://doi.org/10.1007/978-3-540-68628-6}}

@article{Moore:1988qv,
	Author = {Moore, Gregory W. and Seiberg, Nathan},
	Doi = {10.1007/BF01238857},
	Journal = {Commun. Math. Phys.},
	Pages = {177},
	Reportnumber = {IASSNS-HEP-88-39},
	Slaccitation = {%%CITATION = CMPHA,123,177;%%},
	Title = {{Classical and Quantum Conformal Field Theory}},
	Volume = {123},
	Year = {1989},
	Bdsk-Url-1 = {https://doi.org/10.1007/BF01238857}}

@article{Bouwknegt:1992wg,
	Archiveprefix = {arXiv},
	Author = {Bouwknegt, Peter and Schoutens, Kareljan},
	Doi = {10.1016/0370-1573(93)90111-P},
	Eprint = {hep-th/9210010},
	Journal = {Phys. Rept.},
	Pages = {183-276},
	Primaryclass = {hep-th},
	Reportnumber = {CERN-TH-6583-92, ITPO-SB-92-23},
	Slaccitation = {%%CITATION = HEP-TH/9210010;%%},
	Title = {{W symmetry in conformal field theory}},
	Volume = {223},
	Year = {1993},
	Bdsk-Url-1 = {https://doi.org/10.1016/0370-1573(93)90111-P}}

@book{Green1988,
	Author = {Green, M.B. and Schwarz, J.H. and Witten, E.},
	Isbn = {9781139537094},
	Publisher = {Cambridge University Press},
	Series = {Cambridge Monographs on Mathematical Physics},
	Title = {Superstring Theory: Volume 1, Introduction \& Volume 2, Loop Amplitudes, Anomalies and Phenomenology: 25th Anniversary Edition},
	Year = {2012}}

@article{zhang2007,
	Adsnote = {Provided by the SAO/NASA Astrophysics Data System},
	Adsurl = {http://adsabs.harvard.edu/abs/2007arXiv0711.4624Z},
	Archiveprefix = {arXiv},
	Author = {{Zhang}, W. and {Dong}, C.},
	Eprint = {0711.4624},
	Journal = {ArXiv e-prints},
	Keywords = {Mathematics - Quantum Algebra, Mathematics - Representation Theory, 17B69},
	Primaryclass = {math.QA},
	Title = {{W-algebra W(2,2) and the vertex operator algebra L(1/2,0)$\backslash$otimes L(1/2,0)}},
	Year = 2007}

@article{2015Jiang,
	Adsnote = {Provided by the SAO/NASA Astrophysics Data System},
	Adsurl = {http://adsabs.harvard.edu/abs/2015JGP....98..118J},
	Author = {{Jiang}, W. and {Zhang}, W.},
	Doi = {10.1016/j.geomphys.2015.07.029},
	Journal = {Journal of Geometry and Physics},
	Keywords = {17B68, 17B65},
	Pages = {118-127},
	Title = {{Verma modules over the W(2, 2) algebras}},
	Volume = 98,
	Year = 2015,
	Bdsk-Url-1 = {https://doi.org/10.1016/j.geomphys.2015.07.029}}

@article{2016Adamovic,
	Adsnote = {Provided by the SAO/NASA Astrophysics Data System},
	Adsurl = {http://adsabs.harvard.edu/abs/2016SIGMA..12..113A},
	Archiveprefix = {arXiv},
	Author = {{Adamovi{\'c}}, D. and {Radobolja}, G.},
	Doi = {10.3842/SIGMA.2016.113},
	Eid = {113},
	Eprint = {1605.08608},
	Journal = {SIGMA},
	Keywords = {Heisenberg-Virasoro Lie algebra, vertex algebra, W(2, 2) algebra, screening-operators},
	Pages = {113},
	Primaryclass = {math.QA},
	Title = {{On Free Field Realizations of W(2,2)-Modules}},
	Volume = 12,
	Year = 2016,
	Bdsk-Url-1 = {https://doi.org/10.3842/SIGMA.2016.113}}

@article{Nieri:2013yra,
	Archiveprefix = {arXiv},
	Author = {Nieri, Fabrizio and Pasquetti, Sara and Passerini, Filippo},
	Doi = {10.1007/s11005-014-0727-9},
	Eprint = {1303.2626},
	Journal = {Lett. Math. Phys.},
	Number = {1},
	Pages = {109-148},
	Primaryclass = {hep-th},
	Reportnumber = {DMUS-MP-13-07, CERN-PH-TH-2013-046},
	Slaccitation = {%%CITATION = ARXIV:1303.2626;%%},
	Title = {{3d and 5d Gauge Theory Partition Functions as $q$-deformed CFT Correlators}},
	Volume = {105},
	Year = {2015},
	Bdsk-Url-1 = {https://doi.org/10.1007/s11005-014-0727-9}}

@article{Goddard:1986bp,
      author         = "Goddard, Peter and Olive, David I.",
      title          = "{Kac-Moody and Virasoro Algebras in Relation to Quantum
                        Physics}",
      journal        = "Int. J. Mod. Phys.",
      volume         = "A1",
      year           = "1986",
      pages          = "303",
      doi            = "10.1142/S0217751X86000149",
      note           = "[,86(1986)]",
      reportNumber   = "DAMTP-86-5",
      SLACcitation   = "%%CITATION = IMPAE,A1,303;%%"
}

@article{Araujo:2018dem,
	Archiveprefix = {arXiv},
	Author = {Araujo, Thiago},
	Eprint = {1802.06559},
	Journal = {Phys. Rev.},
	Number = {2},
	Pages = {026014},
	Primaryclass = {hep-th},
	Reportnumber = {APCTP-PRE2018-002},
	Slaccitation = {%%CITATION = ARXIV:1802.06559;%%},
	Title = {{Remarks on BMS(3) invariant field theories: correlation functions and nonunitary CFTs}},
	Volume = {D98},
	Year = {2018}}

@article{Hatsuda:2015qzx,
      author         = "Hatsuda, Yasuyuki and Marino, Marcos",
      title          = "{Exact quantization conditions for the relativistic Toda
                        lattice}",
      journal        = "JHEP",
      volume         = "05",
      year           = "2016",
      pages          = "133",
      doi            = "10.1007/JHEP05(2016)133",
      eprint         = "1511.02860",
      archivePrefix  = "arXiv",
      primaryClass   = "hep-th",
      SLACcitation   = "%%CITATION = ARXIV:1511.02860;%%"
}

@article{Seiberg:1994rs,
	Archiveprefix = {arXiv},
	Author = {Seiberg, N. and Witten, Edward},
	Doi = {10.1016/0550-3213(94)90124-4},
	Eprint = {hep-th/9407087},
	Journal = {Nucl. Phys.},
	Note = {[Erratum: Nucl. Phys.B430,485(1994)]},
	Pages = {19-52},
	Primaryclass = {hep-th},
	Reportnumber = {RU-94-52, IASSNS-HEP-94-43},
	Slaccitation = {%%CITATION = HEP-TH/9407087;%%},
	Title = {{Electric - magnetic duality, monopole condensation, and confinement in N=2 supersymmetric Yang-Mills theory}},
	Volume = {B426},
	Year = {1994},
	Bdsk-Url-1 = {https://doi.org/10.1016/0550-3213(94)90124-4}}

@inproceedings{Dhoker:1999ft,
	Archiveprefix = {arXiv},
	Author = {D'Hoker, Eric and Phong, D. H.},
	Booktitle = {{Theoretical physics at the end of the twentieth century. Proceedings, Summer School, Banff, Canada, June 27-July 10, 1999}},
	Eprint = {hep-th/9912271},
	Pages = {1-125},
	Primaryclass = {hep-th},
	Reportnumber = {UCLA-99-TEP-28},
	Slaccitation = {%%CITATION = HEP-TH/9912271;%%},
	Title = {{Lectures on supersymmetric Yang-Mills theory and integrable systems}},
	Year = {1999}}

@article{Zamolodchikov:1989zs,
	Author = {Zamolodchikov, A. B.},
	Booktitle = {{Integrable systems in quantum field theory and statistical mechanics: Proceedings, Kyoto, Japan, 24-28 Oct 1988, Kyuzeso, Japan, 17-21 Oct 1988}},
	Date-Added = {2018-08-13 22:14:22 +0900},
	Date-Modified = {2018-08-13 22:14:55 +0900},
	Journal = {Adv. Stud. Pure Math.},
	Keywords = {integrable systems, conformal, field theory},
	Pages = {641-674},
	Slaccitation = {%%CITATION = ASPME,19,641;%%},
	Title = {{Integrable field theory from conformal field theory}},
	Volume = {19},
	Year = {1989}}

@article{Aguirre:2011zg,
	Archiveprefix = {arXiv},
	Author = {Aguirre, A. R. and Araujo, T. R. and Gomes, J. F. and Zimerman, A. H.},
	Doi = {10.1007/JHEP12(2011)056},
	Eprint = {1110.1589},
	Journal = {JHEP},
	Pages = {056},
	Primaryclass = {nlin.SI},
	Slaccitation = {%%CITATION = ARXIV:1110.1589;%%},
	Title = {{Type-II B\'acklund Transformations via Gauge Transformations}},
	Volume = {12},
	Year = {2011},
	Bdsk-Url-1 = {https://doi.org/10.1007/JHEP12(2011)056}}

@mastersthesis{Araujo:2012ybi,
      author         = "Araujo, Thiago Rocha",
      title          = "{On the Backlund and Darboux transformations for the
                        Tzitzeica model}",
      school         = "Sao Paulo, IFT",
      year           = {2012},
      url            = "http://repositorio.unesp.br/handle/11449/92031",
      SLACcitation   = "%%CITATION = INSPIRE-1514970;%%"
}

@book{gelfand2000,
  title={Calculus of Variations},
  author={Gelfand, I.M. and Fomin, S.V. and Silverman, R.A.},
  isbn={9780486414485},
  lccn={63018806},
  series={Dover Books on Mathematics},
  url={https://books.google.co.kr/books?id=YkFLGQeGRw4C},
  year={2000},
  publisher={Dover Publications}
}


@book{Weinberg:2000cr,
      author         = "Weinberg, Steven",
      title          = "{The quantum theory of fields. Vol. 3: Supersymmetry}",
      publisher      = "Cambridge University Press",
      year           = "2013",
      SLACcitation   = "%%CITATION = INSPIRE-527189;%%"
}

@book{Weinberg:1996kr,
      author         = "Weinberg, Steven",
      title          = "{The quantum theory of fields. Vol. 2: Modern
                        applications}",
      publisher      = "Cambridge University Press",
      year           = "2013",
      SLACcitation   = "%%CITATION = INSPIRE-430948;%%"
}

@book{Weinberg:1995mt,
      author         = "Weinberg, Steven",
      title          = "{The Quantum theory of fields. Vol. 1: Foundations}",
      publisher      = "Cambridge University Press",
      year           = "2005",
      SLACcitation   = "%%CITATION = INSPIRE-406190;%%"
}

@book{aldrovandi2008,
    author = {Aldrovandi, R. and Pereira, J. G.},
    title = {Classical Fields},
    year = {2008},
    url = {http://www.ift.unesp.br/users/jpereira/classnotes.html}
}

@book{lancaster2014,
  title={Quantum Field Theory for the Gifted Amateur},
  author={Lancaster, T. and Blundell, S.J. and Blundell, S.},
  isbn={9780199699322},
  lccn={2013950755},
  url={https://books.google.co.kr/books?id=0rkVDAAAQBAJ},
  year={2014},
  publisher={OUP Oxford}
}

@article{Weinberg:2006rq,
	Archiveprefix = {arXiv},
	Author = {Weinberg, Erick J. and Yi, Piljin},
	Doi = {10.1016/j.physrep.2006.11.002},
	Eprint = {hep-th/0609055},
	Journal = {Phys. Rept.},
	Pages = {65--236},
	Primaryclass = {hep-th},
	Reportnumber = {CU-TP-1155, KIAS-P06041},
	Slaccitation = {%\%CITATION = HEP-TH/0609055;\%\%},
	Title = {{Magnetic Monopole Dynamics, Supersymmetry, and Duality}},
	Volume = {438},
	Year = {2007},
	Bdsk-Url-1 = {https://doi.org/10.1016/j.physrep.2006.11.002}}

@book{arnold1989,
	Author = {Arnold, V.I. and Vogtmann, K. and Weinstein, A.},
	Isbn = {9783540968900},
	Lccn = {97221119},
	Publisher = {Springer},
	Series = {Graduate texts in mathematics},
	Title = {Mathematical Methods of Classical Mechanics},
	Url = {https://books.google.co.kr/books?id=cJ3BQgAACAAJ},
	Year = {1989},
	Bdsk-Url-1 = {https://books.google.co.kr/books?id=cJ3BQgAACAAJ}}

@book{ryder1996,
	Author = {Ryder, L.H.},
	Isbn = {9780521478144},
	Keywords = {A; fields},
	Lccn = {95031119},
	Publisher = {Cambridge University Press},
	Title = {Quantum Field Theory},
	Url = {https://books.google.com.br/books?id=nnuW\_kVJ500C},
	Year = {1996},
	Bdsk-Url-1 = {https://books.google.com.br/books?id=nnuW%5C_kVJ500C}}

@mastersthesis{Frassek:2014bya,
    author = "Frassek, Rouven",
    title = "{Q-operators, Yangian invariance and the quantum inverse scattering method}",
    eprint = "1412.3339",
    archivePrefix = "arXiv",
    primaryClass = "hep-th",
    type = "Other thesis",
    month = "12",
    year = "2014"
}

@article{Minahan:2010js,
    author = "Minahan, Joseph A.",
    title = "{Review of AdS/CFT Integrability, Chapter I.1: Spin Chains in N=4 Super Yang-Mills}",
    eprint = "1012.3983",
    archivePrefix = "arXiv",
    primaryClass = "hep-th",
    reportNumber = "UUITP-38-10",
    doi = "10.1007/s11005-011-0522-9",
    journal = "Lett. Math. Phys.",
    volume = "99",
    pages = "33--58",
    year = "2012"
}

@book{rogers,
	Author = {Rogers, C. and Schief, W.K.},
	Isbn = {9780521012881},
	Lccn = {2001043453},
	Publisher = {Cambridge University Press},
	Series = {Cambridge Texts in Applied Mathematics},
	Title = {B{\"a}cklund and Darboux Transformations: Geometry and Modern Applications in Soliton Theory},
	Url = {https://books.google.co.kr/books?id=xKh-Zn4\_9\_gC},
	Year = {2002},
	Bdsk-Url-1 = {https://books.google.co.kr/books?id=xKh-Zn4%5C_9%5C_gC}}

@article{das,
	Author = {Das, Ashok K.},
	Journal = {World Sci. Lect. Notes Phys.},
	Pages = {1-342},
	Slaccitation = {%%CITATION = 00327,30,1;%%},
	Title = {{Integrable models}},
	Volume = {30},
	Year = {1989}}

@unpublished{burstyn,
	Author = {Henrique Bursztyn and Leonardo Macarini},
	Publisher = {Rio de Janeiro: IMPA and Salvador: UFBA, XIV Escola de Geometria Diferencial},
	Title = {Introdu\c{c}\~{a}o a geometria simpl\'{e}tica},
	Year = {2006}}

@book{novikov,
	Author = {Novikov, S. and Manakov, S.V. and Pitaevskii, L.P. and Zakharov, V.E.},
	Isbn = {9780306109775},
	Lccn = {lc83021051},
	Publisher = {Springer US},
	Series = {Monographs in Contemporary Mathematics},
	Title = {Theory of Solitons: The Inverse Scattering Method},
	Url = {https://books.google.co.kr/books?id=Gtv0vY3OObsC},
	Year = {1984},
	Bdsk-Url-1 = {https://books.google.co.kr/books?id=Gtv0vY3OObsC}}

@inproceedings{Das:2001ad,
	Archiveprefix = {arXiv},
	Author = {Das, Ashok K.},
	Booktitle = {{Particles and fields. Proceedings, 11th Jorge Andre Swieca Summer School, Campos do Jordao, Sao Paulo, Brazil, January 14-27, 2001}},
	Doi = {10.1142/9789812777317_0003},
	Eprint = {hep-th/0110125},
	Pages = {179-217},
	Primaryclass = {hep-th},
	Slaccitation = {%%CITATION = HEP-TH/0110125;%%},
	Title = {{Selected topics in integrable models}},
	Year = {2001},
	Bdsk-Url-1 = {https://doi.org/10.1142/9789812777317_0003}}

@book{goldstein,
	Author = {Goldstein, H. and Poole, C.P. and Safko, J.L.},
	Isbn = {9780201657029},
	Lccn = {79023456},
	Publisher = {Addison Wesley},
	Title = {Classical Mechanics},
	Url = {https://books.google.co.kr/books?id=tJCuQgAACAAJ},
	Year = {2002},
	Bdsk-Url-1 = {https://books.google.co.kr/books?id=tJCuQgAACAAJ}}

@book{dunajski2010,
	Author = {Dunajski, M.},
	Isbn = {9780198570622},
	Lccn = {2009032333},
	Publisher = {OUP Oxford},
	Series = {{Oxford Graduate Texts in Mathematics}},
	Title = {{Solitons, Instantons, and Twistors}},
	Url = {https://books.google.com.br/books?id=AJUUDAAAQBAJ},
	Year = {2010},
	Bdsk-Url-1 = {https://books.google.com.br/books?id=AJUUDAAAQBAJ}}

@unpublished{ttao,
	Author = {Tao, Terence},
	Title = {Phase Space},}

@unpublished{ruiloja,
	Author = {Fernandes, Rui Loja},
	Title = {Licoes de Geometria Diferencial}}

@book{Nakahara1999,
	Isbn = {9780750306058},
	Publisher = {Institute of Physics Publishing},
	Series = {Graduate Student Series in Physics},
	Title = {Geometry, Topology and Physics},
	Year = {1999}}

@article{Kosmann2007,
	Archiveprefix = {arXiv},
	Author = {Kosmann-Schwarzbach, Y.},
	Eprint = {0710.3098},
	Journal = {SIGMA},
	Pages = {005},
	Primaryclass = {math.SG},
	Title = {Poisson Manifolds, Lie Algebroids, Modular Classes: a Survey},
	Volume = {4},
	Year = {2008}}

@book{laurent2012,
	Author = {Laurent-Gengoux, C. and Pichereau, A. and Vanhaecke, P.},
	Isbn = {9783642310898},
	Lccn = {2012947315},
	Publisher = {Springer Berlin Heidelberg},
	Series = {Grundlehren der mathematischen Wissenschaften},
	Title = {Poisson Structures},
	Url = {https://books.google.co.kr/books?id=uBomLgEACAAJ},
	Year = {2012},
	Bdsk-Url-1 = {https://books.google.co.kr/books?id=uBomLgEACAAJ}}

@book{frankel2003,
	Author = {Frankel, T.},
	Isbn = {9780521833301},
	Lccn = {2003044030},
	Publisher = {Cambridge University Press},
	Title = {The Geometry of Physics: An Introduction},
	Url = {https://books.google.co.kr/books?id=iayEQgAACAAJ},
	Year = {2003},
	Bdsk-Url-1 = {https://books.google.co.kr/books?id=iayEQgAACAAJ}}

@book{chari1995guide,
	Author = {Chari, V. and Pressley, A.N.},
	Isbn = {9780521558846},
	Lccn = {94241658},
	Publisher = {Cambridge University Press},
	Title = {A Guide to Quantum Groups},
	Url = {https://books.google.co.kr/books?id=bn5GNkLfnsAC},
	Year = {1995},
	Bdsk-Url-1 = {https://books.google.co.kr/books?id=bn5GNkLfnsAC}}

@article{Caseiro2011,
	Adsnote = {Provided by the SAO/NASA Astrophysics Data System},
	Adsurl = {http://adsabs.harvard.edu/abs/2011arXiv1103.4305C},
	Archiveprefix = {arXiv},
	Author = {Caseiro, R. and Loja Fernandes, R.},
	Eprint = {1103.4305},
	Journal = {ArXiv e-prints},
	Keywords = {Mathematics - Differential Geometry, Mathematics - Symplectic Geometry},
	Primaryclass = {math.DG},
	Title = {The modular class of a Poisson map},
	Year = 2011}

@article{Ciccoli2009,
	Author = {Nicola Ciccoli},
	Title = {The modular class and its quantization},
	Url = {{http://www2.im.uj.edu.pl/actamath/PDF/47-29-50.pdf}},
	Year = {2009},
	Bdsk-Url-1 = {%7Bhttp://www2.im.uj.edu.pl/actamath/PDF/47-29-50.pdf%7D}}

@article{Borsato:2016ose,
	Archiveprefix = {arXiv},
	Author = {Borsato, Riccardo and Wulff, Linus},
	Doi = {10.1007/JHEP10(2016)045},
	Eprint = {1608.03570},
	Journal = {JHEP},
	Pages = {045},
	Primaryclass = {hep-th},
	Reportnumber = {IMPERIAL-TP-LW-2016-03},
	Slaccitation = {%%CITATION = ARXIV:1608.03570;%%},
	Title = {{Target space supergeometry of $\eta$ and $\lambda$-deformed strings}},
	Volume = {10},
	Year = {2016},
	Bdsk-Url-1 = {https://doi.org/10.1007/JHEP10(2016)045}}

@article{2009arXiv090,
	Archiveprefix = {arXiv},
	Author = {{Etingof}, P. and {Golberg}, O. and {Hensel}, S. and {Liu}, T. and {Schwendner}, A. and {Vaintrob}, D. and {Yudovina}, E.},
	Eprint = {0901.0827},
	Journal = {ArXiv e-prints},
	Keywords = {Mathematics - Representation Theory, Mathematics - Rings and Algebras},
	Primaryclass = {math.RT},
	Title = {{Introduction to representation theory}},
	Year = 2009}

@book{chaichian1996,
	Author = {Chaichian, M. and Demichev, A.P.},
	Isbn = {9789810226237},
	Lccn = {96025942},
	Publisher = {World Scientific},
	Title = {Introduction to Quantum Groups},
	Url = {https://books.google.co.kr/books?id=qxq-klYmFZMC},
	Year = {1996},
	Bdsk-Url-1 = {https://books.google.co.kr/books?id=qxq-klYmFZMC}}

@book{korogodski1998,
	Author = {Korogodski, L.I. and Soibelman, Y.S.},
	Isbn = {9780821803363},
	Lccn = {98010602},
	Number = {pt. 1},
	Publisher = {American Mathematical Society},
	Series = {Algebras of Functions on Quantum Groups},
	Title = {Algebras of Functions on Quantum Groups},
	Url = {https://books.google.co.kr/books?id=HsnxBwAAQBAJ},
	Year = {1998},
	Bdsk-Url-1 = {https://books.google.co.kr/books?id=HsnxBwAAQBAJ}}

@unpublished{xavier2005,
	Author = {Bakaert, Xavier},
	Title = {Universal Enveloping ALgebras and Some Applications in Physics},
	Year = {2005}}

@article{Dimitrijevic:2014dxa,
	Archiveprefix = {arXiv},
	Author = {Dimitrijevic, Marija and Jonke, Larisa and Pachol, Anna},
	Doi = {10.3842/SIGMA.2014.063},
	Eprint = {1403.1857},
	Journal = {SIGMA},
	Pages = {063},
	Primaryclass = {hep-th},
	Slaccitation = {%%CITATION = ARXIV:1403.1857;%%},
	Title = {{Gauge Theory on Twisted $\kappa$-Minkowski: Old Problems and Possible Solutions}},
	Volume = {10},
	Year = {2014},
	Bdsk-Url-1 = {https://doi.org/10.3842/SIGMA.2014.063}}

@article{Aschieri:2012ii,
	Archiveprefix = {arXiv},
	Author = {Aschieri, Paolo and Schenkel, Alexander},
	Doi = {10.4310/ATMP.2014.v18.n3.a1},
	Eprint = {1210.0241},
	Journal = {Adv. Theor. Math. Phys.},
	Number = {3},
	Pages = {513-612},
	Primaryclass = {math.QA},
	Reportnumber = {BUW-IMACM-12-20},
	Slaccitation = {%%CITATION = ARXIV:1210.0241;%%},
	Title = {{Noncommutative connections on bimodules and Drinfeld twist deformation}},
	Volume = {18},
	Year = {2014},
	Bdsk-Url-1 = {https://doi.org/10.4310/ATMP.2014.v18.n3.a1}}

@unpublished{figueroa2010,
	Author = {O'Farrill, Jose Figueroa},
	Title = {Spin Geometry},
	Year = {2010}}

@article{Szabo:2006wx,
	Archiveprefix = {arXiv},
	Author = {Szabo, Richard J.},
	Doi = {10.1088/0264-9381/23/22/R01},
	Eprint = {hep-th/0606233},
	Journal = {Class. Quant. Grav.},
	Pages = {R199-R242},
	Primaryclass = {hep-th},
	Reportnumber = {HWM-06-29, EMPG-06-05},
	Slaccitation = {%%CITATION = HEP-TH/0606233;%%},
	Title = {{Symmetry, gravity and noncommutativity}},
	Volume = {23},
	Year = {2006},
	Bdsk-Url-1 = {https://doi.org/10.1088/0264-9381/23/22/R01}}

@article{Seiberg:1999vs,
	Archiveprefix = {arXiv},
	Author = {Seiberg, Nathan and Witten, Edward},
	Doi = {10.1088/1126-6708/1999/09/032},
	Eprint = {hep-th/9908142},
	Journal = {JHEP},
	Pages = {032},
	Primaryclass = {hep-th},
	Reportnumber = {IASSNS-HEP-99-74},
	Slaccitation = {%%CITATION = HEP-TH/9908142;%%},
	Title = {{String theory and noncommutative geometry}},
	Volume = {09},
	Year = {1999},
	Bdsk-Url-1 = {https://doi.org/10.1088/1126-6708/1999/09/032}}

@article{Cornalba:2001sm,
	Archiveprefix = {arXiv},
	Author = {Cornalba, Lorenzo and Schiappa, Ricardo},
	Doi = {10.1007/s002201000569},
	Eprint = {hep-th/0101219},
	Journal = {Commun. Math. Phys.},
	Pages = {33-66},
	Primaryclass = {hep-th},
	Reportnumber = {LPTENS-01-04, HUTP-01-A002},
	Slaccitation = {%%CITATION = HEP-TH/0101219;%%},
	Title = {{Nonassociative star product deformations for D-brane world volumes in curved backgrounds}},
	Volume = {225},
	Year = {2002},
	Bdsk-Url-1 = {https://doi.org/10.1007/s002201000569}}

@inproceedings{Szabo:2005jj,
	Archiveprefix = {arXiv},
	Author = {Szabo, Richard J.},
	Booktitle = {{An invitation to noncommutative geometry. Proceedings, International Workshop, NCG 2005, Tehran, Iran, September 11-22, 2005}},
	Eprint = {hep-th/0512054},
	Pages = {447-506},
	Primaryclass = {hep-th},
	Reportnumber = {EMPG-05-17, HWM-05-27},
	Slaccitation = {%%CITATION = HEP-TH/0512054;%%},
	Title = {{D-branes in noncommutative field theory}},
	Year = {2005}}

@book{fuchs,
	Author = {Fuchs, J.},
	Isbn = {9780521415934},
	Lccn = {93187577},
	Publisher = {Cambridge University Press},
	Series = {Cambridge monographs on mathematical physics},
	Title = {Affine Lie Algebras and Quantum Groups: An Introduction, with Applications in Conformal Field Theory},
	Year = {1992}}

@book{Babelon:2003qtg,
    author = "Babelon, Olivier and Bernard, Denis and Talon, Michel",
    title = "{Introduction to Classical Integrable Systems}",
    doi = "10.1017/CBO9780511535024",
    publisher = "Cambridge University Press",
    series = "Cambridge Monographs on Mathematical Physics",
    year = "2003"
}
@book{Hand1998,
  title={Analytical Mechanics},
  author={Hand, L.N. and Finch, J.D.},
  isbn={9781139643313},
  url={https://books.google.com.br/books?id=A1UhAwAAQBAJ},
  year={1998},
  publisher={Cambridge University Press}
}

@unpublished{ambjorn98,
	Author = {Jan Ambjorn and Jens Lyng Petersen},
	Title = {Quantum Field Theory},
	Year = {1998}}

@book{rajaraman1982,
	Author = {Rajaraman, R.},
	Isbn = {9780444862297},
	Lccn = {lc81022510},
	Publisher = {North-Holland Publishing Company},
	Series = {{North-Holland personal library}},
	Title = {{Solitons and Instantons: An Introduction to Solitons and Instantons in Quantum Field Theory}},
	Url = {https://books.google.com.br/books?id=1XucQgAACAAJ},
	Year = {1982},
	Bdsk-Url-1 = {https://books.google.com.br/books?id=1XucQgAACAAJ}}

@book{arfken2005,
	Author = {Arfken, G.B. and Weber, H.J. and Harris, F.},
	Isbn = {9780120598762},
	Publisher = {Elsevier Science \& Technology},
	Title = {Mathematical Methods for Physicists: A Comprehensive Guide},
	Url = {https://books.google.co.kr/books?id=gxIWtAEACAAJ},
	Year = {2005},
	Bdsk-Url-1 = {https://books.google.co.kr/books?id=gxIWtAEACAAJ}}

@book{gradshteyn2014,
	Author = {Gradshteyn, I.S. and Ryzhik, I.M.},
	Isbn = {9781483265643},
	Publisher = {Elsevier Science},
	Title = {Table of Integrals, Series, and Products},
	Url = {https://books.google.co.kr/books?id=F7jiBQAAQBAJ},
	Year = {2014},
	Bdsk-Url-1 = {https://books.google.co.kr/books?id=F7jiBQAAQBAJ}}

@book{Deligne:1999qp,
	Editor = {Deligne, P. and Etingof, P. and Freed, D. S. and Jeffrey, L. C. and Kazhdan, D. and Morgan, J. W. and Morrison, D. R. and Witten, Edward},
	Journal = {Providence, USA: AMS (1999) 1-1501},
	Slaccitation = {%%CITATION = INSPIRE-508870;%%},
	Title = {{Quantum fields and strings: A course for mathematicians. Vol. 1, 2}},
	Year = {1999}}

@book{Becker2006,
	Author = {Becker, K. and Becker, M. and Schwarz, J.H.},
	Isbn = {9781139460484},
	Publisher = {Cambridge University Press},
	Title = {String Theory and M-Theory: A Modern Introduction},
	Year = {2006}}

@book{Ortin2004,
	Author = {Ort{\'\i}n, T.},
	Isbn = {9781139449960},
	Publisher = {Cambridge University Press},
	Series = {Cambridge Monographs on Mathematical Physics},
	Title = {Gravity and Strings},
	Year = {2004}}

@book{freedman2012,
	Author = {Freedman, D.Z. and Van Proeyen, A.},
	Isbn = {9780521194013},
	Lccn = {2011053360},
	Publisher = {Cambridge University Press},
	Title = {Supergravity},
	Year = {2012}}

@inproceedings{VanProeyen:1999ni,
	Archiveprefix = {arXiv},
	Author = {Van Proeyen, Antoine},
	Booktitle = {{Proceedings, Spring School on Quantum Field Theory. Supersymmetries and Superstrings}},
	Eprint = {hep-th/9910030},
	Journal = {Ann. U. Craiova Phys.},
	Pages = {I.1-I.48},
	Primaryclass = {hep-th},
	Reportnumber = {KUL-TF-99-37},
	Slaccitation = {%%CITATION = HEP-TH/9910030;%%},
	Title = {{Tools for supersymmetry}},
	Volume = {9},
	Year = {1999}}

@article{Slansky:1981yr,
	Author = {Slansky, R.},
	Doi = {10.1016/0370-1573(81)90092-2},
	Journal = {Phys. Rept.},
	Pages = {1-128},
	Reportnumber = {LA-UR-80-3495},
	Slaccitation = {%%CITATION = PRPLC,79,1;%%},
	Title = {{Group Theory for Unified Model Building}},
	Volume = {79},
	Year = {1981},
	Bdsk-Url-1 = {https://doi.org/10.1016/0370-1573(81)90092-2}}

@book{fuchs97,
	Author = {Fuchs, J. and Schweigert, C.},
	Isbn = {9780521541190},
	Lccn = {96038842},
	Publisher = {Cambridge University Press},
	Series = {Cambridge Monographs on Mathem},
	Title = {Symmetries, Lie Algebras and Representations: A Graduate Course for Physicists},
	Url = {https://books.google.co.kr/books?id=B\_JQryjNYyAC},
	Year = {2003},
	Bdsk-Url-1 = {https://books.google.co.kr/books?id=B%5C_JQryjNYyAC}}

@book{russell1919mysticism,
	Author = {Russell, B.},
	Publisher = {Longmans, Green and Company},
	Title = {\emph{The Study of Mathematics} in Mysticism and Logic: And Other Essays},
	Year = {1919}}

@inproceedings{deWit:1997sz,
	Archiveprefix = {arXiv},
	Author = {de Wit, Bernard and Louis, Jan},
	Booktitle = {{Strings, branes and dualities. Proceedings, NATO Advanced Study Institute, Cargese, France, May 26-June 14, 1997}},
	Eprint = {hep-th/9801132},
	Primaryclass = {hep-th},
	Reportnumber = {THU-98-04},
	Slaccitation = {%%CITATION = HEP-TH/9801132;%%},
	Title = {{Supersymmetry and dualities in various dimensions}},
	Year = {1997}}

@article{Cremmer:1978km,
	Author = {Cremmer, E. and Julia, B. and Scherk, Joel},
	Doi = {10.1016/0370-2693(78)90894-8},
	Journal = {Phys. Lett.},
	Pages = {409-412},
	Reportnumber = {LPTENS-78-10},
	Slaccitation = {%%CITATION = PHLTA,B76,409;%%},
	Title = {{Supergravity Theory in Eleven-Dimensions}},
	Volume = {B76},
	Year = {1978},
	Bdsk-Url-1 = {https://doi.org/10.1016/0370-2693(78)90894-8}}

@article{Nastase:2011aa,
	Archiveprefix = {arXiv},
	Author = {Nastase, Horatiu},
	Eprint = {1112.3502},
	Primaryclass = {hep-th},
	Slaccitation = {%%CITATION = ARXIV:1112.3502;%%},
	Title = {{Introduction to Supergravity}},
	Year = {2011}}

@book{Appelquist:1987nr,
	Editor = {Appelquist, T. and Chodos, A. and Freund, P. G. O.},
	Journal = {READING, USA: ADDISON-WESLEY (1987) 619 P. (FRONTIERS IN PHYSICS, 65)},
	Slaccitation = {%%CITATION = INSPIRE-255996;%%},
	Title = {{Modern Kaluza-Klein Theories}},
	Year = {1987}}

@book{Duff:1999ys,
	Editor = {Duff, Michael J.},
	Journal = {Bristol, UK: IOP (1999) 513 p},
	Slaccitation = {%%CITATION = INSPIRE-513582;%%},
	Title = {{The world in eleven-dimensions: Supergravity, supermembranes and M theory}},
	Year = {1999}}

@article{Nahm:1977tg,
	Author = {Nahm, W.},
	Doi = {10.1016/0550-3213(78)90218-3},
	Journal = {Nucl. Phys.},
	Pages = {149},
	Reportnumber = {CERN-TH-2341},
	Slaccitation = {%%CITATION = NUPHA,B135,149;%%},
	Title = {{Supersymmetries and their Representations}},
	Volume = {B135},
	Year = {1978},
	Bdsk-Url-1 = {https://doi.org/10.1016/0550-3213(78)90218-3}}

@article{Witten:1981me,
	Author = {Witten, Edward},
	Doi = {10.1016/0550-3213(81)90021-3},
	Journal = {Nucl. Phys.},
	Pages = {412},
	Reportnumber = {PRINT-81-0056 (PRINCETON)},
	Slaccitation = {%%CITATION = NUPHA,B186,412;%%},
	Title = {{Search for a Realistic Kaluza-Klein Theory}},
	Volume = {B186},
	Year = {1981},
	Bdsk-Url-1 = {https://doi.org/10.1016/0550-3213(81)90021-3}}

@article{Romans:1985tz,
	Author = {Romans, L. J.},
	Doi = {10.1016/0370-2693(86)90375-8},
	Journal = {Phys. Lett.},
	Pages = {374},
	Reportnumber = {NSF-ITP-85-148},
	Slaccitation = {%%CITATION = PHLTA,B169,374;%%},
	Title = {{Massive N=2a Supergravity in Ten-Dimensions}},
	Volume = {B169},
	Year = {1986},
	Bdsk-Url-1 = {https://doi.org/10.1016/0370-2693(86)90375-8}}

@article{Duff:1986hr,
	Author = {Duff, M. J. and Nilsson, B. E. W. and Pope, C. N.},
	Doi = {10.1016/0370-1573(86)90163-8},
	Journal = {Phys. Rept.},
	Pages = {1-142},
	Slaccitation = {%%CITATION = PRPLC,130,1;%%},
	Title = {{Kaluza-Klein Supergravity}},
	Volume = {130},
	Year = {1986},
	Bdsk-Url-1 = {https://doi.org/10.1016/0370-1573(86)90163-8}}

@inproceedings{deWit:2002vz,
	Archiveprefix = {arXiv},
	Author = {de Wit, Bernard},
	Booktitle = {{Unity from duality: Gravity, gauge theory and strings. Proceedings, NATO Advanced Study Institute, Euro Summer School, 76th session, Les Houches, France, July 30-August 31, 2001}},
	Eprint = {hep-th/0212245},
	Pages = {1-135},
	Primaryclass = {hep-th},
	Reportnumber = {ITP-UU-02-56, SPIN-02-35},
	Slaccitation = {%%CITATION = HEP-TH/0212245;%%},
	Title = {{Supergravity}},
	Year = {2002}}

@article{Polchinski:2010hw,
	Archiveprefix = {arXiv},
	Author = {Polchinski, Joseph},
	Eprint = {1010.6134},
	Pages = {3-46},
	Primaryclass = {hep-th},
	Slaccitation = {%%CITATION = ARXIV:1010.6134;%%},
	Title = {{Introduction to Gauge/Gravity Duality}},
	Year = {2010}}

@book{dirac2012lectures,
	Author = {Dirac, P.A.M.},
	Isbn = {9781607964322},
	Publisher = {Igal Meirovich},
	Title = {Lectures on Quantum Mechanics},
	Url = {https://books.google.co.kr/books?id=c0h7uQAACAAJ},
	Year = {2012},
	Bdsk-Url-1 = {https://books.google.co.kr/books?id=c0h7uQAACAAJ}}

@book{Henneaux:1992ig,
	Author = {Henneaux, M. and Teitelboim, C.},
	Journal = {Princeton, USA: Univ. Pr. (1992) 520 p},
	Slaccitation = {%%CITATION = INSPIRE-345963;%%},
	Title = {{Quantization of gauge systems}},
	Year = {1992}}

@book{Bojowald:2010qpa,
	Author = {Bojowald, Martin},
	Publisher = {Cambridge University Press},
	Slaccitation = {%%CITATION = INSPIRE-1384854;%%},
	Title = {{Canonical Gravity and ApplicationsCosmology, Black Holes, and Quantum Gravity}},
	Year = {2010}}

@article{Marnelius:1981sn,
	Author = {Marnelius, Robert},
	Journal = {Acta Phys. Polon.},
	Pages = {669},
	Reportnumber = {GOTEBORG-81-30, C81-09-21-1},
	Slaccitation = {%%CITATION = APPOA,B13,669;%%},
	Title = {{Introduction to the Quantization of General Gauge Theories}},
	Volume = {B13},
	Year = {1982}}

@unpublished{rohe2012,
	Author = {Davi Rohe Salomon da Rosa Rodrigues},
	Institution = {IFT-UNESP},
	Title = {Os formalismos Becchi-Rouet-STora-Tyutin e de Batalin-Vilkovisky e Aplicacoes},
	Type = {Master thesis},
	Year = {2012}}

@inproceedings{Date:2010xr,
	Archiveprefix = {arXiv},
	Author = {Date, Ghanashyam},
	Booktitle = {{Refresher Course for College Teachers Chennai, India, June 4, 2005}},
	Eprint = {1010.2062},
	Primaryclass = {gr-qc},
	Slaccitation = {%%CITATION = ARXIV:1010.2062;%%},
	Title = {{Lectures on Constrained Systems}},
	Url = {https://inspirehep.net/record/872596/files/arXiv:1010.2062.pdf},
	Year = {2010},
	Bdsk-Url-1 = {https://inspirehep.net/record/872596/files/arXiv:1010.2062.pdf}}

@unpublished{tavakoli2014,
	Author = {Yaser Tavakoli},
	Title = {Constrained Hamiltonian Systems},
	Year = {2014}}

@article{Pitts:2013uxa,
	Archiveprefix = {arXiv},
	Author = {Pitts, J. Brian},
	Doi = {10.1016/j.aop.2014.08.014},
	Eprint = {1310.2756},
	Journal = {Annals Phys.},
	Pages = {382-406},
	Primaryclass = {gr-qc},
	Slaccitation = {%%CITATION = ARXIV:1310.2756;%%},
	Title = {{A First Class Constraint Generates Not a Gauge Transformation, But a Bad Physical Change: The Case of Electromagnetism}},
	Volume = {351},
	Year = {2014},
	Bdsk-Url-1 = {https://doi.org/10.1016/j.aop.2014.08.014}}

@article{Henneaux:1989jq,
	Author = {Henneaux, Marc},
	Booktitle = {{Integrability and quantization. Proceedings, 20th GIFT International Seminar, Jaca, Spain, June 5-9, 1989}},
	Doi = {10.1016/0920-5632(90)90647-D},
	Journal = {Nucl. Phys. Proc. Suppl.},
	Pages = {47-106},
	Reportnumber = {ULB-TH2-89-07, C89-06-05.2},
	Slaccitation = {%%CITATION = NUPHZ,18A,47;%%},
	Title = {{Lectures on the Antifield-BRST Formalism for Gauge Theories}},
	Volume = {18A},
	Year = {1990},
	Bdsk-Url-1 = {https://doi.org/10.1016/0920-5632(90)90647-D}}

@article{VanHolten:2001nj,
	Archiveprefix = {arXiv},
	Author = {Van Holten, J. W.},
	Booktitle = {{Autumn School 2001: Topology and Geometry in Physics Rot an der Rot, Germany, September 24-28, 2001}},
	Eprint = {hep-th/0201124},
	Journal = {Lect. Notes Phys.},
	Pages = {99-166},
	Primaryclass = {hep-th},
	Reportnumber = {NIKHEF-01-018},
	Slaccitation = {%%CITATION = HEP-TH/0201124;%%},
	Title = {{Aspects of BRST quantization}},
	Volume = {659},
	Year = {2005},}

@article{Fuster:2005eg,
	Archiveprefix = {arXiv},
	Author = {Fuster, A. and Henneaux, Marc and Maas, Axel},
	Booktitle = {{Internatinoal Workshop on Geometric Methods in Modern Physics Florence, Italy, April 14-18, 2005}},
	Doi = {10.1142/S0219887805000892},
	Eprint = {hep-th/0506098},
	Journal = {Int. J. Geom. Meth. Mod. Phys.},
	Pages = {939-964},
	Primaryclass = {hep-th},
	Slaccitation = {%%CITATION = HEP-TH/0506098;%%},
	Title = {{BRST quantization: A Short review}},
	Volume = {2},
	Year = {2005},
	Bdsk-Url-1 = {https://doi.org/10.1142/S0219887805000892}}

@unpublished{unknown,
	Author = {unkown},
	Title = {Batalin-Vilkovisky Quantisation: An Overview}}

@article{Marino:2011nm,
	Archiveprefix = {arXiv},
	Author = {Marino, Marcos},
	Doi = {10.1088/1751-8113/44/46/463001},
	Eprint = {1104.0783},
	Journal = {J. Phys.},
	Pages = {463001},
	Primaryclass = {hep-th},
	Slaccitation = {%%CITATION = ARXIV:1104.0783;%%},
	Title = {{Lectures on localization and matrix models in supersymmetric Chern-Simons-matter theories}},
	Volume = {A44},
	Year = {2011},
	Bdsk-Url-1 = {https://doi.org/10.1088/1751-8113/44/46/463001}}

@article{Drukker:2010nc,
	Archiveprefix = {arXiv},
	Author = {Drukker, Nadav and Marino, Marcos and Putrov, Pavel},
	Doi = {10.1007/s00220-011-1253-6},
	Eprint = {1007.3837},
	Journal = {Commun. Math. Phys.},
	Pages = {511-563},
	Primaryclass = {hep-th},
	Reportnumber = {HU-EP-10-39},
	Slaccitation = {%%CITATION = ARXIV:1007.3837;%%},
	Title = {{From weak to strong coupling in ABJM theory}},
	Volume = {306},
	Year = {2011},
	Bdsk-Url-1 = {https://doi.org/10.1007/s00220-011-1253-6}}

@article{Hama:2010av,
	Archiveprefix = {arXiv},
	Author = {Hama, Naofumi and Hosomichi, Kazuo and Lee, Sungjay},
	Doi = {10.1007/JHEP03(2011)127},
	Eprint = {1012.3512},
	Journal = {JHEP},
	Pages = {127},
	Primaryclass = {hep-th},
	Reportnumber = {DAMTP-2010-129, YITP-10-100},
	Slaccitation = {%%CITATION = ARXIV:1012.3512;%%},
	Title = {{Notes on SUSY Gauge Theories on Three-Sphere}},
	Volume = {03},
	Year = {2011},
	Bdsk-Url-1 = {https://doi.org/10.1007/JHEP03(2011)127}}

@article{Dunne:2007rt,
	Archiveprefix = {arXiv},
	Author = {Dunne, Gerald V.},
	Booktitle = {{Proceedings, 5th International Symposium on Quantum theory and symmetries (QTS5): Valladolid, Spain, July 22-28, 2007}},
	Doi = {10.1088/1751-8113/41/30/304006},
	Eprint = {0711.1178},
	Journal = {J. Phys.},
	Pages = {304006},
	Primaryclass = {hep-th},
	Slaccitation = {%%CITATION = ARXIV:0711.1178;%%},
	Title = {{Functional determinants in quantum field theory}},
	Volume = {A41},
	Year = {2008},
	Bdsk-Url-1 = {https://doi.org/10.1088/1751-8113/41/30/304006}}

@article{Hsin:2016blu,
	Archiveprefix = {arXiv},
	Author = {Hsin, Po-Shen and Seiberg, Nathan},
	Doi = {10.1007/JHEP09(2016)095},
	Eprint = {1607.07457},
	Journal = {JHEP},
	Pages = {095},
	Primaryclass = {hep-th},
	Slaccitation = {%%CITATION = ARXIV:1607.07457;%%},
	Title = {{Level/rank Duality and Chern-Simons-Matter Theories}},
	Volume = {09},
	Year = {2016},
	Bdsk-Url-1 = {https://doi.org/10.1007/JHEP09(2016)095}}

@article{Aharony:2008ug,
	Archiveprefix = {arXiv},
	Author = {Aharony, Ofer and Bergman, Oren and Jafferis, Daniel Louis and Maldacena, Juan},
	Doi = {10.1088/1126-6708/2008/10/091},
	Eprint = {0806.1218},
	Journal = {JHEP},
	Pages = {091},
	Primaryclass = {hep-th},
	Reportnumber = {WIS-12-08-JUN-DPP},
	Slaccitation = {%%CITATION = ARXIV:0806.1218;%%},
	Title = {{N=6 superconformal Chern-Simons-matter theories, M2-branes and their gravity duals}},
	Volume = {0810},
	Year = {2008},
	Bdsk-Url-1 = {https://doi.org/10.1088/1126-6708/2008/10/091}}

@article{Araujo:2016jlx,
	Archiveprefix = {arXiv},
	Author = {Araujo, Thiago R. and Nastase, Horatiu},
	Doi = {10.1007/JHEP07(2017)020},
	Eprint = {1609.08008},
	Journal = {JHEP},
	Pages = {020},
	Primaryclass = {hep-th},
	Slaccitation = {%%CITATION = ARXIV:1609.08008;%%},
	Title = {{Observables in the Guarino-Jafferis-Varela/CS-SYM duality}},
	Volume = {07},
	Year = {2017},
	Bdsk-Url-1 = {https://doi.org/10.1007/JHEP07(2017)020}}

@book{bailin1994supersymmetric,
	Author = {Bailin, D. and Love, A.},
	Isbn = {9781420050820},
	Keywords = {A,C,ab,ae; fields, gauge, susy, strings},
	Publisher = {CRC Press},
	Series = {Graduate Student Series in Physics},
	Title = {Supersymmetric Gauge Field Theory and String Theory},
	Url = {https://books.google.com.br/books?id=O3oDEORp8ZwC},
	Year = {1994},
	Bdsk-Url-1 = {https://books.google.com.br/books?id=O3oDEORp8ZwC}}

@unpublished{Tanedo2010,
	Author = {Flip Tanedo},
	Keywords = {A,ae; fields, susy},
	Title = {Fun and supersymmetry... but mostly the latter},
	Year = {2010}}

@book{wess1992supersymmetry,
	Author = {Wess, J. and Bagger, J.},
	Isbn = {9780691025308},
	Keywords = {A,ab,ae; fields, gauge, susy},
	Lccn = {92068607},
	Publisher = {Princeton University Press},
	Series = {Princeton series in physics},
	Title = {Supersymmetry and Supergravity},
	Year = {1992}}

@book{terning2009modern,
	Author = {Terning, J.},
	Isbn = {9780199559510},
	Keywords = {A,ab,ae; fields, gauge, susy},
	Lccn = {2006275069},
	Publisher = {OUP Oxford},
	Series = {International Series of Monographs on Physics},
	Title = {Modern Supersymmetry: Dynamics and Duality},
	Url = {https://books.google.com.br/books?id=GOWaPwAACAAJ},
	Year = {2009},
	Bdsk-Url-1 = {https://books.google.com.br/books?id=GOWaPwAACAAJ}}

@inproceedings{Lykken:1996xt,
	Archiveprefix = {arXiv},
	Author = {Lykken, Joseph D.},
	Booktitle = {{Fields, strings and duality. Proceedings, Summer School, Theoretical Advanced Study Institute in Elementary Particle Physics, TASI'96, Boulder, USA, June 2-28, 1996}},
	Eprint = {hep-th/9612114},
	Pages = {85-153},
	Primaryclass = {hep-th},
	Reportnumber = {FERMILAB-PUB-96-445-T},
	Slaccitation = {%%CITATION = HEP-TH/9612114;%%},
	Title = {{Introduction to supersymmetry}},
	Year = {1996},}

@article{AlvarezGaume:1996mv,
	Archiveprefix = {arXiv},
	Author = {Alvarez-Gaume, Luis and Hassan, S. F.},
	Doi = {10.1002/prop.2190450302},
	Eprint = {hep-th/9701069},
	Journal = {Fortsch. Phys.},
	Pages = {159-236},
	Primaryclass = {hep-th},
	Reportnumber = {CERN-TH-96-371},
	Slaccitation = {%%CITATION = HEP-TH/9701069;%%},
	Title = {{Introduction to S duality in N=2 supersymmetric gauge theories: A Pedagogical review of the work of Seiberg and Witten}},
	Volume = {45},
	Year = {1997},
	Bdsk-Url-1 = {https://doi.org/10.1002/prop.2190450302}}

@unpublished{Tanedo2013,
	Author = {Flip Tanedo},
	Keywords = {A,ab,ae; fields, gauge, susy},
	Title = {Notes on Seibergology EM-like duality SUSY and applications},
	Year = {2013}}

@unpublished{Bertolini2016,
	Author = {Matteo Bertolini},
	Keywords = {A,ab,ae; fields, gauge, susy},
	Timestamp = {2016.11.20},
	Title = {Lectures on Supersymmetry},
	Year = {2016}}

@book{labelle2010supersymmetry,
	Author = {LaBelle, P.},
	Isbn = {9780071636421},
	Keywords = {A,ae; fields, susy},
	Lccn = {2010280220},
	Publisher = {McGraw-Hill Education},
	Title = {Supersymmetry DeMYSTiFied},
	Url = {https://books.google.com.br/books?id=SWHhdGbxukkC},
	Year = {2010},
	Bdsk-Url-1 = {https://books.google.com.br/books?id=SWHhdGbxukkC}}

@phdthesis{Albertsson:2003as,
	Archiveprefix = {arXiv},
	Author = {Albertsson, Cecilia},
	Eprint = {hep-th/0305188},
	Primaryclass = {hep-th},
	School = {Stockholm U.},
	Slaccitation = {%%CITATION = HEP-TH/0305188;%%},
	Title = {{Superconformal D-branes and moduli spaces}},
	Year = {2003}}

@book{ramond1997field,
	Author = {Ramond, P.},
	Isbn = {9780813346564},
	Keywords = {A; fields},
	Publisher = {Westview Press},
	Series = {Frontiers in Physics Series},
	Title = {Field Theory},
	Url = {https://books.google.com.br/books?id=Ctr9K61fY4kC},
	Year = {1997},
	Bdsk-Url-1 = {https://books.google.com.br/books?id=Ctr9K61fY4kC}}

@book{shifman2012advanced,
	Author = {Shifman, M.},
	Isbn = {9781139501880},
	Keywords = {A,ab,ad,ae; fields, gauge, solitons, susy},
	Publisher = {Cambridge University Press},
	Title = {Advanced Topics in Quantum Field Theory: A Lecture Course},
	Url = {https://books.google.com.br/books?id=xkkgAwAAQBAJ},
	Year = {2012},
	Bdsk-Url-1 = {https://books.google.com.br/books?id=xkkgAwAAQBAJ}}

@article{figueroa98,
	Author = {O'Farrill, Jose Figueroa},
	Note = {8 October 1998; Unpublished},
	Title = {Electromagnetic Duality for Children}
    }

@book{Ketov:1995yd,
	Author = {Ketov, S. V.},
	Publisher = {World Scientific},
	Title = {Conformal field theory},
	Year = {1995}}

@book{tachikawa2014n,
	Author = {Tachikawa, Y.},
	Isbn = {9783319088228},
	Publisher = {Springer International Publishing},
	Series = {{Lecture Notes in Physics}},
	Title = {{N=2 Supersymmetric Dynamics for Pedestrians}},
	Url = {https://books.google.com.br/books?id=ftXVBAAAQBAJ},
	Year = {2014},
	Bdsk-Url-1 = {https://books.google.com.br/books?id=ftXVBAAAQBAJ}}

@article{Ketov:1996bm,
	Archiveprefix = {arXiv},
	Author = {Ketov, Sergei V.},
	Eprint = {hep-th/9611209},
	Journal = {Fortsch. Phys.},
	Pages = {237-292},
	Primaryclass = {hep-th},
	Reportnumber = {DESY-96-244, ITP-UH-23-96},
	Slaccitation = {%%CITATION = HEP-TH/9611209;%%},
	Title = {{Solitons, monopoles and duality: From Sine-Gordon to Seiberg-Witten}},
	Volume = {45},
	Year = {1997}}

@unpublished{Figueroa2001,
	Author = {Jos\'e Figueroa-O'Farrill},
	Keywords = {A,ae; fields, susy},
	Title = {Busstepp Lectures on Supersymmetry},
	Year = {2001}}

@book{freedman2012supergravity,
	Author = {Freedman, D.Z. and Van Proeyen, A.},
	Isbn = {9780521194013},
	Keywords = {B,A,ba,ae; relativity, fields, sugra, susy},
	Lccn = {2011053360},
	Publisher = {Cambridge University Press},
	Title = {Supergravity},
	Url = {https://books.google.com.br/books?id=7ANrOHJLTjMC},
	Year = {2012},
	Bdsk-Url-1 = {https://books.google.com.br/books?id=7ANrOHJLTjMC}}

@unpublished{Argyres2001,
	Author = {Philip Argyres},
	Keywords = {A,ab,ae; fields, gauge, susy},
	Owner = {thiago},
	Timestamp = {2016.11.21},
	Title = {An introduction to Global Supersymmetry},
	Year = {2001}}

@article{Gaiotto:2007qi,
	Archiveprefix = {arXiv},
	Author = {Gaiotto, Davide and Yin, Xi},
	Doi = {10.1088/1126-6708/2007/08/056},
	Eprint = {0704.3740},
	Journal = {JHEP},
	Pages = {056},
	Primaryclass = {hep-th},
	Slaccitation = {%%CITATION = ARXIV:0704.3740;%%},
	Title = {{Notes on superconformal Chern-Simons-Matter theories}},
	Volume = {08},
	Year = {2007},
	Bdsk-Url-1 = {https://doi.org/10.1088/1126-6708/2007/08/056}}

@article{Srivastava:1990cw,
	Author = {Srivastava, Prem P. and Tanaka, K.},
	Doi = {10.1016/0370-2693(91)91786-U},
	Journal = {Phys. Lett.},
	Pages = {427-430},
	Reportnumber = {CERN-TH-5934-90, DOE-ER-01545-443},
	Slaccitation = {%%CITATION = PHLTA,B256,427;%%},
	Title = {{On the selfduality condition in Chern-Simons systems}},
	Volume = {B256},
	Year = {1991},
	Bdsk-Url-1 = {https://doi.org/10.1016/0370-2693(91)91786-U}}

@article{Gates:1983nr,
	Archiveprefix = {arXiv},
	Author = {Gates, S. J. and Grisaru, Marcus T. and Rocek, M. and Siegel, W.},
	Eprint = {hep-th/0108200},
	Journal = {Front. Phys.},
	Pages = {1-548},
	Primaryclass = {hep-th},
	Reportnumber = {YITP-SB-01-53},
	Slaccitation = {%%CITATION = HEP-TH/0108200;%%},
	Title = {{Superspace Or One Thousand and One Lessons in Supersymmetry}},
	Volume = {58},
	Year = {1983}}

@article{Aharony:1997bx,
	Archiveprefix = {arXiv},
	Author = {Aharony, Ofer and Hanany, Amihay and Intriligator, Kenneth A. and Seiberg, N. and Strassler, M. J.},
	Doi = {10.1016/S0550-3213(97)00323-4},
	Eprint = {hep-th/9703110},
	Journal = {Nucl. Phys.},
	Pages = {67-99},
	Primaryclass = {hep-th},
	Reportnumber = {RU-97-10A, IASSNS-HEP-97-18},
	Slaccitation = {%%CITATION = HEP-TH/9703110;%%},
	Title = {{Aspects of N=2 supersymmetric gauge theories in three-dimensions}},
	Volume = {B499},
	Year = {1997},
	Bdsk-Url-1 = {https://doi.org/10.1016/S0550-3213(97)00323-4}}

@article{Benna:2008zy,
	Archiveprefix = {arXiv},
	Author = {Benna, Marcus and Klebanov, Igor and Klose, Thomas and Smedback, Mikael},
	Doi = {10.1088/1126-6708/2008/09/072},
	Eprint = {0806.1519},
	Journal = {JHEP},
	Pages = {072},
	Primaryclass = {hep-th},
	Reportnumber = {PUPT-2271, UUITP-10-08},
	Slaccitation = {%%CITATION = ARXIV:0806.1519;%%},
	Title = {{Superconformal Chern-Simons Theories and AdS(4)/CFT(3) Correspondence}},
	Volume = {09},
	Year = {2008},
	Bdsk-Url-1 = {https://doi.org/10.1088/1126-6708/2008/09/072}}

@article{Schwarz:2004yj,
	Archiveprefix = {arXiv},
	Author = {Schwarz, John H.},
	Doi = {10.1088/1126-6708/2004/11/078},
	Eprint = {hep-th/0411077},
	Journal = {JHEP},
	Pages = {078},
	Primaryclass = {hep-th},
	Reportnumber = {CALT-68-2525},
	Slaccitation = {%%CITATION = HEP-TH/0411077;%%},
	Title = {{Superconformal Chern-Simons theories}},
	Volume = {11},
	Year = {2004},
	Bdsk-Url-1 = {https://doi.org/10.1088/1126-6708/2004/11/078}}

@inproceedings{Cremonesi:2017jrk,
	Archiveprefix = {arXiv},
	Author = {Cremonesi, Stefano},
	Booktitle = {{String Math 2016 Paris, France, June 27-July 2, 2016}},
	Eprint = {1701.00641},
	Primaryclass = {hep-th},
	Slaccitation = {%%CITATION = ARXIV:1701.00641;%%},
	Title = {{3d supersymmetric gauge theories and Hilbert series}},
	Url = {http://inspirehep.net/record/1507686/files/arXiv:1701.00641.pdf},
	Year = {2017},
	Bdsk-Url-1 = {http://inspirehep.net/record/1507686/files/arXiv:1701.00641.pdf}}

@article{Koh:2009um,
	Archiveprefix = {arXiv},
	Author = {Koh, Eunkyung and Lee, Sangmin and Lee, Sungjay},
	Doi = {10.1088/1126-6708/2009/09/122},
	Eprint = {0907.1641},
	Journal = {JHEP},
	Pages = {122},
	Primaryclass = {hep-th},
	Reportnumber = {KIAS-P09037},
	Slaccitation = {%%CITATION = ARXIV:0907.1641;%%},
	Title = {{Topological Chern-Simons Sigma Model}},
	Volume = {09},
	Year = {2009},
	Bdsk-Url-1 = {https://doi.org/10.1088/1126-6708/2009/09/122}}

@inproceedings{Tachikawa:2013kta,
	Archiveprefix = {arXiv},
	Author = {Tachikawa, Yuji},
	Booktitle = {{Lecture Notes in Physics, vol. 890, 2014}},
	Doi = {10.1007/978-3-319-08822-8},
	Eprint = {1312.2684},
	Journal = {Lect. Notes Phys.},
	Pages = {2014},
	Primaryclass = {hep-th},
	Reportnumber = {UT-13-42, IPMU-13-0234},
	Slaccitation = {%\%CITATION = ARXIV:1312.2684;\%\%},
	Title = {{N=2 supersymmetric dynamics for pedestrians}},
	Url = {https://inspirehep.net/record/1268680/files/arXiv:1312.2684.pdf},
	Volume = {890},
	Year = {2013},
	Bdsk-Url-1 = {https://inspirehep.net/record/1268680/files/arXiv:1312.2684.pdf},
	Bdsk-Url-2 = {https://doi.org/10.1007/978-3-319-08822-8}}

@book{Baez:1995sj,
	Author = {Baez, J. and Muniain, J. P.},
	Journal = {Singapore, Singapore: World Scientific (1994) 465 p. (Series on knots and everything, 4)},
	Slaccitation = {%\%CITATION = INSPIRE-397363;\%\%},
	Title = {{Gauge fields, knots and gravity}},
	Year = {1995}}

@inproceedings{tHooft:1999au,
	Archiveprefix = {arXiv},
	Author = {{'t Hooft}, Gerard},
	Booktitle = {{National Summer School for Graduate Students: We-Heraeus Doktorandenschule Saalburg: Grundlagen und Neue Methoden der Theoretischen Physik Saalburg, Germany, September 4-15, 2000}},
	Eprint = {hep-th/0010225},
	Primaryclass = {hep-th},
	Slaccitation = {%\%CITATION = HEP-TH/0010225;\%\%},
	Title = {{Monopoles, instantons and confinement}},
	Year = {1999}}

@inproceedings{Tong:2005un,
	Archiveprefix = {arXiv},
	Author = {Tong, David},
	Booktitle = {{Theoretical Advanced Study Institute in Elementary Particle Physics: Many Dimensions of String Theory (TASI 2005) Boulder, Colorado, June 5-July 1, 2005}},
	Eprint = {hep-th/0509216},
	Primaryclass = {hep-th},
	Slaccitation = {%\%CITATION = HEP-TH/0509216;\%\%},
	Title = {{TASI lectures on solitons: Instantons, monopoles, vortices and kinks}},
	Year = {2005}}

@book{manton2004,
	Author = {Manton, N. and Sutcliffe, P.},
	Isbn = {9781139454698},
	Publisher = {Cambridge University Press},
	Series = {{Cambridge Monographs on Mathematical Physics}},
	Title = {{Topological Solitons}},
	Url = {https://books.google.com.br/books?id=e2tPhFdSUf8C},
	Year = {2004},
	Bdsk-Url-1 = {https://books.google.com.br/books?id=e2tPhFdSUf8C}}

@inproceedings{Harvey:1996ur,
	Archiveprefix = {arXiv},
	Author = {Harvey, Jeffrey A.},
	Booktitle = {{Fields, strings and duality. Proceedings, Summer School, Theoretical Advanced Study Institute in Elementary Particle Physics, TASI'96, Boulder, USA, June 2-28, 1996}},
	Eprint = {hep-th/9603086},
	Primaryclass = {hep-th},
	Reportnumber = {EFI-96-06},
	Slaccitation = {%%CITATION = HEP-TH/9603086;%%},
	Title = {{Magnetic monopoles, duality and supersymmetry}},
	Year = {1996}}

@article{Polchinski:2003bq,
	Archiveprefix = {arXiv},
	Author = {Polchinski, Joseph},
	Booktitle = {{Proceedings, Dirac Centennial Symposium, Tallahassee, USA, December 6-7, 2002}},
	Doi = {10.1142/S0217751X0401866X},
	Eprint = {hep-th/0304042},
	Journal = {Int. J. Mod. Phys.},
	Note = {[,145(2003)]},
	Pages = {145-156},
	Primaryclass = {hep-th},
	Slaccitation = {%%CITATION = HEP-TH/0304042;%%},
	Title = {{Monopoles, duality, and string theory}},
	Volume = {A19S1},
	Year = {2004},
	Bdsk-Url-1 = {https://doi.org/10.1142/S0217751X0401866X}}

@article{Polyakov:1974ek,
	Author = {Polyakov, Alexander M.},
	Journal = {JETP Lett.},
	Note = {[Pisma Zh. Eksp. Teor. Fiz.20,430(1974)]},
	Pages = {194-195},
	Reportnumber = {PRINT-74-1566 (LANDAU-INST)},
	Slaccitation = {%%CITATION = JTPLA,20,194;%%},
	Title = {{Particle Spectrum in the Quantum Field Theory}},
	Volume = {20},
	Year = {1974}}

@proceedings{Olive:1999bx,
	Author = {Olive, David I. and West, Peter C.},
	Journal = {Cambridge, UK: Univ. Pr. (1999) 473 p},
	Slaccitation = {%%CITATION = INSPIRE-513860;%%},
	Title = {{Duality and supersymmetric theories. Proceedings, Easter School, Newton Institute, Euroconference, Cambridge, UK, April 7-18, 1997}},
	Year = {1999}}

@book{Cecotti:2015wqa,
	Author = {Cecotti, Sergio},
	Publisher = {Cambridge University Press},
	Slaccitation = {%%CITATION = INSPIRE-1384886;%%},
	Title = {{Supersymmetric Field Theories}},
	Url = {http://www.cambridge.org/mw/academic/subjects/physics/theoretical-physics-and-mathematical-physics/supersymmetric-field-theories-geometric-structures-and-dualities?format=HB},
	Year = {2015},
	Bdsk-Url-1 = {http://www.cambridge.org/mw/academic/subjects/physics/theoretical-physics-and-mathematical-physics/supersymmetric-field-theories-geometric-structures-and-dualities?format=HB}}

@inproceedings{AlvarezGaume:1997ix,
	Archiveprefix = {arXiv},
	Author = {Alvarez-Gaume, Luis and Zamora, Frederic},
	Booktitle = {{Fundamental particles and interactions. Proceedings, 1st Meeting on Frontiers in Contemporary Physics, FCP'97, Nashville, USA, May 11-16, 1997}},
	Eprint = {hep-th/9709180},
	Primaryclass = {hep-th},
	Reportnumber = {CERN-TH-97-257, UB-ECM-PF-97-26},
	Slaccitation = {%%CITATION = HEP-TH/9709180;%%},
	Title = {{Duality in quantum field theory and string theory}},
	Year = {1997},}

@article{Hooft:1974qc,
	Author = {'t Hooft, Gerard},
	Doi = {10.1016/0550-3213(74)90486-6},
	Journal = {Nucl. Phys.},
	Pages = {276-284},
	Reportnumber = {CERN-TH-1876},
	Slaccitation = {%%CITATION = NUPHA,B79,276;%%},
	Title = {{Magnetic Monopoles in Unified Gauge Theories}},
	Volume = {B79},
	Year = {1974},
	Bdsk-Url-1 = {https://doi.org/10.1016/0550-3213(74)90486-6}}

@article{Konishi:2007dn,
	Archiveprefix = {arXiv},
	Author = {Konishi, Kenichi},
	Eprint = {hep-th/0702102},
	Journal = {Lect. Notes Phys.},
	Pages = {471-521},
	Primaryclass = {HEP-TH},
	Reportnumber = {IFUP-TH-2007-04},
	Slaccitation = {%%CITATION = HEP-TH/0702102;%%},
	Title = {{The Magnetic Monopoles Seventy-Five Years Later}},
	Volume = {737},
	Year = {2008}}

@article{Berenstein:2011dr,
	Archiveprefix = {arXiv},
	Author = {Berenstein, David and Romo, Mauricio},
	Doi = {10.1007/JHEP03(2012)063},
	Eprint = {1108.4013},
	Journal = {JHEP},
	Pages = {063},
	Primaryclass = {hep-th},
	Slaccitation = {%%CITATION = ARXIV:1108.4013;%%},
	Title = {{Monopole operators, moduli spaces and dualities}},
	Volume = {03},
	Year = {2012},
	Bdsk-Url-1 = {https://doi.org/10.1007/JHEP03(2012)063}}

@article{tHooft:1974qc,
	Author = {'t Hooft, Gerard},
	Doi = {10.1016/0550-3213(74)90486-6},
	Journal = {Nucl. Phys.},
	Pages = {276-284},
	Reportnumber = {CERN-TH-1876},
	Slaccitation = {%%CITATION = NUPHA,B79,276;%%},
	Title = {{Magnetic Monopoles in Unified Gauge Theories}},
	Volume = {B79},
	Year = {1974},
	Bdsk-Url-1 = {https://doi.org/10.1016/0550-3213(74)90486-6}}

@article{Cooke:2015ila,
	Archiveprefix = {arXiv},
	Author = {Cooke, Michael and Drukker, Nadav and Trancanelli, Diego},
	Doi = {10.1007/JHEP10(2015)140},
	Eprint = {1506.07614},
	Journal = {JHEP},
	Pages = {140},
	Primaryclass = {hep-th},
	Slaccitation = {%%CITATION = ARXIV:1506.07614;%%},
	Title = {{A profusion of $1/2$ BPS Wilson loops in $\mathcal{N}=4$ Chern-Simons-matter theories}},
	Volume = {10},
	Year = {2015},
	Bdsk-Url-1 = {https://doi.org/10.1007/JHEP10(2015)140}}

@article{Imamura:2008dt,
	Archiveprefix = {arXiv},
	Author = {Imamura, Yosuke and Kimura, Keisuke},
	Doi = {10.1088/1126-6708/2008/10/040},
	Eprint = {0807.2144},
	Journal = {JHEP},
	Pages = {040},
	Primaryclass = {hep-th},
	Reportnumber = {UT-08-23},
	Slaccitation = {%%CITATION = ARXIV:0807.2144;%%},
	Title = {{N=4 Chern-Simons theories with auxiliary vector multiplets}},
	Volume = {10},
	Year = {2008},
	Bdsk-Url-1 = {https://doi.org/10.1088/1126-6708/2008/10/040}}

@article{Drukker:2009hy,
	Archiveprefix = {arXiv},
	Author = {Drukker, Nadav and Trancanelli, Diego},
	Doi = {10.1007/JHEP02(2010)058},
	Eprint = {0912.3006},
	Journal = {JHEP},
	Pages = {058},
	Primaryclass = {hep-th},
	Reportnumber = {HU-EP-09-30, NSF-KITP-09-120},
	Slaccitation = {%%CITATION = ARXIV:0912.3006;%%},
	Title = {{A Supermatrix model for N=6 super Chern-Simons-matter theory}},
	Volume = {02},
	Year = {2010},
	Bdsk-Url-1 = {https://doi.org/10.1007/JHEP02(2010)058}}

@phdthesis{Closset:2010jua,
	Author = {Closset, Cyril},
	School = {Brussels U., PTM},
	Slaccitation = {%%CITATION = INSPIRE-1395793;%%},
	Title = {{Studies of fractional D-branes in the gauge/gravity correspondence \& flavored Chern-Simons quivers for M2-branes}},
	Url = {https://dipot.ulb.ac.be/dspace/bitstream/2013/210125/1/9c0ccd3d-10fc-4239-a806-3d357231ad48.txt},
	Year = {2010},
	Bdsk-Url-1 = {https://dipot.ulb.ac.be/dspace/bitstream/2013/210125/1/9c0ccd3d-10fc-4239-a806-3d357231ad48.txt}}

@article{Blau:1995rs,
	Archiveprefix = {arXiv},
	Author = {Blau, Matthias and Thompson, George},
	Doi = {10.1063/1.531038},
	Eprint = {hep-th/9501075},
	Journal = {J. Math. Phys.},
	Pages = {2192-2236},
	Primaryclass = {hep-th},
	Reportnumber = {IC-95-5},
	Slaccitation = {%%CITATION = HEP-TH/9501075;%%},
	Title = {{Localization and diagonalization: A review of functional integral techniques for low dimensional gauge theories and topological field theories}},
	Volume = {36},
	Year = {1995},
	Bdsk-Url-1 = {https://doi.org/10.1063/1.531038}}

@article{Blau:2009gd,
	Archiveprefix = {arXiv},
	Author = {Blau, Matthias and Hartong, Jelle and Rollier, Blaise},
	Doi = {10.1088/1126-6708/2009/07/027},
	Eprint = {0904.3304},
	Journal = {JHEP},
	Pages = {027},
	Primaryclass = {hep-th},
	Slaccitation = {%%CITATION = ARXIV:0904.3304;%%},
	Title = {{Geometry of Schrodinger Space-Times, Global Coordinates, and Harmonic Trapping}},
	Volume = {07},
	Year = {2009},
	Bdsk-Url-1 = {https://doi.org/10.1088/1126-6708/2009/07/027}}

@book{Labastida:2005zz,
	Author = {Labastida, Jose and Marino, Marcos},
	Journal = {Dordrecht, Netherlands: Springer (2005) 222 p},
	Slaccitation = {%%CITATION = INSPIRE-850156;%%},
	Title = {{Topological quantum field theory and four manifolds}},
	Url = {http://www.springer.com/physics/book/978-1-4020-3058-1},
	Year = {2005},
	Bdsk-Url-1 = {http://www.springer.com/physics/book/978-1-4020-3058-1}}

@inproceedings{Labastida:1997pb,
	Archiveprefix = {arXiv},
	Author = {Labastida, J. M. F. and Lozano, Carlos},
	Booktitle = {{Trends in theoretical physics. Proceedings, CERN-Santiago de Compostela-La Plata Meeting, La Plata, Argentina, April 28-May 6, 1997}},
	Eprint = {hep-th/9709192},
	Pages = {54-93},
	Primaryclass = {hep-th},
	Reportnumber = {CERN-TH-97-250, US-FT-30-97},
	Slaccitation = {%%CITATION = HEP-TH/9709192;%%},
	Title = {{Lectures in topological quantum field theory}},
	Url = {https://inspirehep.net/record/448961/files/arXiv:hep-th_9709192.pdf},
	Year = {1997},
	Bdsk-Url-1 = {https://inspirehep.net/record/448961/files/arXiv:hep-th_9709192.pdf}}

@article{Nedelin:2016gwu,
	Archiveprefix = {arXiv},
	Author = {Nedelin, Anton and Nieri, Fabrizio and Zabzine, Maxim},
	Eprint = {1605.07029},
	Primaryclass = {hep-th},
	Reportnumber = {UUITP-10-16},
	Slaccitation = {%%CITATION = ARXIV:1605.07029;%%},
	Title = {{$q$-Virasoro modular double and 3d partition functions}},
	Year = {2016}}

@article{Aganagic:2017smx,
	Archiveprefix = {arXiv},
	Author = {Aganagic, Mina and Frenkel, Edward and Okounkov, Andrei},
	Eprint = {1701.03146},
	Primaryclass = {hep-th},
	Slaccitation = {%%CITATION = ARXIV:1701.03146;%%},
	Title = {{Quantum q-Langlands Correspondence}},
	Year = {2017}}

@article{Kapustin:2006pk,
	Archiveprefix = {arXiv},
	Author = {Kapustin, Anton and Witten, Edward},
	Doi = {10.4310/CNTP.2007.v1.n1.a1},
	Eprint = {hep-th/0604151},
	Journal = {Commun. Num. Theor. Phys.},
	Pages = {1-236},
	Primaryclass = {hep-th},
	Slaccitation = {%%CITATION = HEP-TH/0604151;%%},
	Title = {{Electric-Magnetic Duality And The Geometric Langlands Program}},
	Volume = {1},
	Year = {2007},
	Bdsk-Url-1 = {https://doi.org/10.4310/CNTP.2007.v1.n1.a1}}

@unpublished{Kapustin2008,
	Author = {Anton Kapustin},
	Note = {January 1, 2008; Unpublished},
	Title = {Lectures on Electric-Magnetic Duality and the Geometric Langlands Program}}

@book{Suris2003,
  title={The Problem of Integrable Discretization: Hamiltonian Approach},
  author={Suris, Y.B.},
  isbn={9783764369958},
  lccn={03052468},
  series={Progress in Mathematics},
  url={https://books.google.com.br/books?id=Wn8cS2k-XmUC},
  year={2003},
  publisher={Springer Basel AG}
}

@book{Gu2006,
  title={Darboux Transformations in Integrable Systems: Theory and their Applications to Geometry},
  author={Gu, C. and Hu, A. and Zhou, Z.},
  isbn={9781402030888},
  lccn={2005298852},
  series={Mathematical Physics Studies},
  url={https://books.google.com.br/books?id=A_oWEsiJKRwC},
  year={2006},
  publisher={Springer Netherlands}
}

@book{Newell1985,
  title={Solitons in Mathematics and Physics},
  author={Newell, A.C.},
  isbn={9780898711967},
  lccn={lc84071051},
  series={CBMS-NSF Regional Conference Series in Applied Mathematics},
  url={https://books.google.com.br/books?id=45X1CL0PlGMC},
  year={1985},
  publisher={Society for Industrial and Applied Mathematics}
}

@article{Retore:2021wwh,
    author = "Retore, Ana L.",
    title = "{Introduction to classical and quantum integrability}",
    eprint = "2109.14280",
    archivePrefix = "arXiv",
    primaryClass = "hep-th",
    doi = "10.1088/1751-8121/ac5a8e",
    journal = "J. Phys. A",
    volume = "55",
    number = "17",
    pages = "173001",
    year = "2022"
}

@article{Ablowitz:2003,
  title={Integrable systems and reductions of the self-dual Yang–Mills equations},
  author={Mark J. Ablowitz and S. Chakravarty and Rodney G. Halburd},
  journal={Journal of Mathematical Physics},
  year={2003},
  volume={44},
  pages={3147-3173},
  url={https://api.semanticscholar.org/CorpusID:121180295}
}

@article{Ablowitz:1993,
  title = {A self-dual Yang-Mills hierarchy and its reductions to integrable systems in 1+1 and 2+1 dimensions},
  author = {Mark J. Ablowitz and Sarbarish Chakravarty and Leon A. Takhtajan},
  journal = {Communications in Mathematical Physics},
  year = {1993},
  volume = {158},
  pages = {289-314},
  url = {https://api.semanticscholar.org/CorpusID:84181087},
}

@unpublished{Dubrovin:2009,
	Author = {Boris Dubrovin},
	Title = {Integrable Systems and Riemann Surfaces},
    year = {2009}, 
}

@book{Natanzon:2020,
  title={Complex Analysis, Riemann Surfaces and Integrable Systems},
  author={Natanzon, S.M. and Tsilevich, N.},
  isbn={9783030346409},
  series={Moscow Lectures},
  url={https://books.google.com.br/books?id=otHHDwAAQBAJ},
  year={2020},
  publisher={Springer International Publishing}
}

@article{Kharchev:1996kh,
    author = "Kharchev, S. and Mironov, A. and Zhedanov, A.",
    title = "{Faces of relativistic Toda chain}",
    eprint = "hep-th/9606144",
    archivePrefix = "arXiv",
    reportNumber = "ITEP-TH-1-95, FIAN-TD-19-95",
    doi = "10.1142/S0217751X97001493",
    journal = "Int. J. Mod. Phys. A",
    volume = "12",
    pages = "2675--2724",
    year = "1997"
}

@article{Brini:2011ff,
    author = "Brini, Andrea and Carlet, Guido and Rossi, Paolo",
    title = "{Integrable hierarchies and the mirror model of local CP1}",
    eprint = "1105.4508",
    archivePrefix = "arXiv",
    primaryClass = "math.AG",
    doi = "10.1016/j.physd.2011.09.011",
    journal = "Physica D",
    volume = "241",
    pages = "2156--2167",
    year = "2012"
}

@article{Brini:2014mha,
    author = "Brini, Andrea and Carlet, Guido and Romano, Stefano and Rossi, Paolo",
    title = "{Rational reductions of the 2D-Toda hierarchy and mirror symmetry}",
    eprint = "1401.5725",
    archivePrefix = "arXiv",
    primaryClass = "math-ph",
    doi = "10.4171/jems/681",
    journal = "J. Eur. Math. Soc.",
    volume = "19",
    number = "3",
    pages = "835--880",
    year = "2017"
}

@article{Slavnov:2019hdn,
    author = "Slavnov, N. A.",
    title = "{Introduction to the nested algebraic Bethe ansatz}",
    eprint = "1911.12811",
    archivePrefix = "arXiv",
    primaryClass = "math-ph",
    doi = "10.21468/SciPostPhysLectNotes.19",
    journal = "SciPost Phys. Lect. Notes",
    volume = "19",
    pages = "1",
    year = "2020"
}

@article{Belliard:2019bfz,
    author = "Belliard, S. and Slavnov, N. A.",
    title = "{Why scalar products in the algebraic Bethe ansatz have determinant representation}",
    eprint = "1908.00032",
    archivePrefix = "arXiv",
    primaryClass = "math-ph",
    doi = "10.1007/JHEP10(2019)103",
    journal = "JHEP",
    volume = "10",
    pages = "103",
    year = "2019"
}

@article{Kharchev:1991cy,
    author = "Kharchev, S. and Marshakov, A. and Mironov, A. and Morozov, A. and Zabrodin, A.",
    title = "{Towards unified theory of 2-d gravity}",
    eprint = "hep-th/9201013",
    archivePrefix = "arXiv",
    reportNumber = "FIAN-TD-10-91, ITEP-M-91-9",
    doi = "10.1016/0550-3213(92)90521-C",
    journal = "Nucl. Phys. B",
    volume = "380",
    pages = "181--240",
    year = "1992"
}

@inproceedings{Foda:2010,
   title={XXZ scalar products, Miwa variables and discrete KP},
   url={http://dx.doi.org/10.1142/9789814324373_0004},
   DOI={10.1142/9789814324373_0004},
   booktitle={New Trends in Quantum Integrable Systems},
   publisher={WORLD SCIENTIFIC},
   author={Foda, Omar and Schrader, Gus},
   year={2010},
   month=oct, pages={61–80}
}

@article{Foda:2012wn,
    author = "Foda, O. and Wheeler, M.",
    title = "{Variations on Slavnov's scalar product}",
    eprint = "1207.6871",
    archivePrefix = "arXiv",
    primaryClass = "math-ph",
    doi = "10.1007/JHEP10(2012)096",
    journal = "JHEP",
    volume = "10",
    pages = "096",
    year = "2012"
}

@article{Foda:2012wf,
    author = "Foda, O. and Wheeler, M.",
    title = "{Slavnov determinants, Yang-Mills structure constants, and discrete KP}",
    eprint = "1203.5621",
    archivePrefix = "arXiv",
    primaryClass = "hep-th",
    month = "3",
    year = "2012"
}

@article{Foda:2011rr,
    author = "Foda, Omar",
    title = "{N=4 SYM structure constants as determinants}",
    eprint = "1111.4663",
    archivePrefix = "arXiv",
    primaryClass = "math-ph",
    doi = "10.1007/JHEP03(2012)096",
    journal = "JHEP",
    volume = "03",
    pages = "096",
    year = "2012"
}

@article{Araujo:2024klz,
    author = "Araujo, Thiago",
    title = "{Q-boson model and relations with integrable hierarchies}",
    eprint = "2405.01213",
    archivePrefix = "arXiv",
    primaryClass = "math-ph",
    doi = "10.1016/j.nuclphysb.2024.116640",
    journal = "Nucl. Phys. B",
    volume = "1006",
    pages = "116640",
    year = "2024"
}

@misc{Slavnov:2019aba,
      title={Algebraic Bethe ansatz}, 
      author={N. A. Slavnov},
      year={2019},
      eprint={1804.07350},
      archivePrefix={arXiv},
      primaryClass={math-ph},
      url={https://arxiv.org/abs/1804.07350}, 
}

@book{Harnad:2021tau,
  title={Tau Functions and their Applications},
  author={Harnad, J. and Balogh, F.},
  isbn={9781108637213},
  series={Cambridge Monographs on Mathematical Physics},
  url={https://books.google.com.br/books?id=jxgXEAAAQBAJ},
  year={2021},
  publisher={Cambridge University Press}
}
